3034 4900
450 464 588 533 nius
613 464 833 535 senene
860 469 973 539 nno.
1170 468 1237 566 157

162 595 324 691 Purpura
346 594 510 691 surgebat
529 594 642 685 riolae,
658 598 786 667 factura
806 597 912 675 cubile
956 604 959 615 '

172 704 414 787 Gramineum,
431 726 638 796 vernansque
656 706 721 772 tori
738 703 856 798 regalis
873 706 993 800 imago.

227 811 354 878 Omnia
375 833 446 877 non
463 807 564 877 audet
580 811 721 903 genitrix
741 824 809 878 tom
828 834 947 905 magna
966 811 1082 897 lateri,

179 917 423 1009 successusque
442 939 518 983 suos
539 916 651 983 arcani
672 917 803 985 conscia
823 918 891 984 voti
1101 986 1104 991 ,
1212 952 1237 1001 ,s

179 1022 245 1114 Spe
263 1020 450 1115 trepidante
469 1022 569 1115 tegit:
592 1021 743 1113 gestabat
763 1022 929 1090 Honorius
948 1036 1041 1090 arcto

177 1124 225 1195 Te
241 1141 337 1219 pater
355 1124 518 1220 amplexu.
536 1127 676 1214 Quoties
692 1126 735 1196 nd
755 1125 868 1195 limina
884 1128 1037 1221 princeps

176 1231 385 1301 Theudosius
403 1234 552 1326 privatus
572 1231 682 1301 adhuc
704 1232 849 1301 fraterna
866 1234 1014 1319 veniret,

177 1336 304 1406 Oscula
321 1336 465 1423 libabat,
485 1352 583 1432 teque
605 1337 648 1406 ad
667 1362 727 1407 sua
745 1352 832 1407 tecta
854 1338 979 1408 ferebat

175 1444 310 1512 latior.
336 1446 376 1511 In
396 1458 537 1512 matrem
555 1446 676 1513 teneris
694 1469 855 1514 conversa
874 1443 1033 1539 querelis,

180 1579 198 1612 α
211 1548 303 1637 Quid
319 1548 362 1617 de
379 1574 433 1617 me
447 1550 590 1644 propriis
606 1550 736 1619 auferre
753 1551 950 1638 Penatibus,
968 1551 1092 1645 inquis,

174 1656 326 1749 Imperat
346 1655 401 1724 hic
419 1654 572 1751 semper?
586 1686 603 1721 ›>
623 1658 785 1751 Praesagia
805 1656 927 1725 luserat
944 1682 1052 1744 error,

175 1762 220 1829 Et
236 1760 330 1829 dedit
346 1763 522 1856 augurium
540 1764 649 1856 regnis
667 1762 802 1831 infantia
822 1762 950 1857 linguae.

228 1866 399 1936 Defuncto
418 1869 566 1963 genitore
586 1882 646 1937 tuo
665 1868 812 1938 sublimis
833 1868 969 1964 adoptat

175 1974 223 2040 Te
241 1988 399 2067 patruus,
415 1976 592 2069 magnique
613 1976 723 2044 animo
744 1973 858 2044 solatia
876 1974 984 2045 luctus
1198 2004 1233 2041 ns

177 2078 385 2166 Restituens,
399 2082 553 2175 propius,
573 2105 672 2175 quam
694 2084 722 2150 si
740 2081 921 2174 genuisset,
942 2080 1064 2148 amavit

178 2182 340 2253 Defuncti
355 2185 464 2255 fratris
483 2185 650 2256 sobolem:
672 2211 734 2256 nec
753 2188 860 2256 carior
877 2184 954 2254 olim

179 2356 305 2431 lectula.
324 2381 385 2421 tans
400 2367 529 2423 dicuntur
542 2389 592 2422 suo
609 2370 684 2424 incu-
728 2368 1148 2442 oederent,utposrentfuturum
1159 2366 1237 2440 quid·
1325 2370 1326 2374 ’

177 2446 240 2500 bitu
248 2448 387 2503 bomine:
401 2468 520 2522 purpura
533 2451 609 2504 rioloe
621 2469 687 2522 quo-
728 2448 790 2504 dem
806 2449 962 2522 significare.
978 2449 1077 2520 Collegi
1099 2449 1163 2502 olim
1179 2451 1238 2520 plu·

176 2525 260 2580 modo
266 2529 602 2601 frungerembilepotuerit
612 2549 684 2596 ,non
728 2529 840 2584 sculade
849 2531 899 2584 hoc
910 2547 1005 2601 genere
1012 2529 1145 2594 ominum,
1153 2529 1236 2582 Chre·

175 2606 264 2660 rideo·
287 2609 373 2661 Porro
396 2606 465 2662 bene
487 2610 629 2677 convenit,
654 2621 687 2662 ut
727 2622 804 2663 stom.
818 2610 887 2663 Plio.
902 2611 953 2674 LI,
967 2611 1026 2673 LV,
1038 2628 1066 2679 p.
1084 2609 1156 2672 438,
1169 2627 1236 2679 prn-

174 2687 221 2739 illa
231 2707 342 2758 prepara
357 2686 462 2742 dicotur
479 2707 529 2758 per
540 2689 684 2761 oppositio·
728 2689 819 2743 sertim
834 2709 865 2742 ex
882 2690 940 2742 Cic.
953 2687 987 2741 de
1004 2688 1123 2740 Divinat.
1134 2687 1167 2753 1,
1183 2687 1236 2753 45,

174 2785 238 2819 nem
248 2771 331 2836 iugo
343 2772 405 2832 tori,
416 2767 518 2840 species
530 2769 600 2821 lecti.
728 2781 755 2821 et
762 2770 806 2833 11,
818 2775 863 2832 4⁰·
876 2767 1095 2822 ParvuluSerenu
1103 2767 1235 2838 queritur,

216 2853 265 2914 94.
287 2846 402 2900 Genitn'r
420 2847 524 2901 Sereno
543 2847 601 2900 boc
621 2866 685 2918 por·
727 2867 744 2900 a
757 2847 908 2902 Theodosio
923 2860 1019 2919 putrno
1033 2845 1068 2899 de
1082 2847 1136 2900 suis
1152 2847 1236 2900 Pena·

175 2937 248 2978 tenta
262 2926 424 2992 marsus,
438 2939 465 2981 et
483 2946 534 2998 pro
550 2928 685 2981 ominibus
727 2927 799 2980 tibus
819 2927 919 2983 auferri
935 2945 942 2980 :
956 2928 1008 2980 boc
1025 2925 1124 2980 deinde
1141 2945 1237 2998 mogun

174 3004 222 3058 ills
235 3004 429 3076 magnitudinis
440 3007 536 3060 infanti
550 3005 686 3060 destinate
727 3024 789 3060 cum
815 3007 888 3060 illius
914 3006 1038 3059 felicitate
1064 3007 1162 3058 luctum
1186 3024 1236 3077 per

174 3083 295 3148 babens,
319 3102 377 3137 non
399 3104 461 3139 ause
488 3098 527 3139 est
548 3086 632 3140 lateri.
657 3087 686 3139 Si
727 3085 908 3158 adoptionem.
922 3087 1029 3156 Regnum
1041 3084 1087 3137 bic
1098 3096 1136 3137 est
1146 3083 1238 3137 condi·

175 3163 327 3218 metim
344 3166 414 3230 fuit,
430 3179 462 3219 ut
480 3183 531 3219 uec
551 3165 685 3236 improbu-
727 3166 767 3218 tio
778 3166 896 3227 mulieris
909 3185 925 3217 a
938 3167 1009 3236 Rege
1018 3165 1061 3218 rel
1073 3165 1237 3234 Imperatore
1318 3171 1321 3181 ¹

173 3243 228 3298 bile
241 3245 383 3310 est,forte
403 3245 512 3317 Joeephi
530 3245 686 3317 patriarcba
727 3242 867 3316 adoptato.

172 3322 305 3378 invidiam
316 3326 422 3378 metuit.
777 3325 841 3378 103.
868 3325 946 3376 Dedit
972 3324 1098 3392 augurium
1122 3323 1235 3389 infantia.

215 3407 264 3474 98.
288 3404 446 3457 Theudosius.
468 3406 509 3457 De
531 3405 582 3458 bac
601 3404 686 3456 formo
727 3403 807 3457 Pueri
838 3403 986 3475 prophetie
1015 3402 1181 3457 celebrantur
1206 3403 1235 3455 in

175 3482 231 3536 rid.
241 3482 278 3538 sd
291 3484 347 3536 XV
349 3523 357 3548 ,
376 3488 443 3547 216,
730 3501 804 3536 socru
820 3484 966 3554 scriptura3
983 3480 1030 3536 sed
1042 3493 1068 3534 et
1079 3481 1107 3533 in
1118 3482 1235 3553 prolenis

217 3563 562 3635 ror.PropriisImpmt.1n
570 3563 613 3616 his
621 3559 686 3615 duo·
728 3563 891 3622 auctoribus,
901 3561 981 3634 pueri
986 3561 1087 3634 optima
1094 3579 1183 3614 rerum
1193 3562 1235 3613 lu-

177 3642 687 3714 busverbisomenseuougmiumcon-
728 3654 850 3696 turerurn
882 3643 1004 3714 presagio
1034 3639 1174 3692 dederunt.
1200 3670 1230 3682 -

177 3721 289 3776 tinctor.
295 3722 401 3794 Proprii
408 3721 518 3775 Penates
524 3719 687 3775 suntdomus
728 3723 866 3792 Augustum
880 3739 931 3793 pro
945 3722 1072 3791 angurum
1082 3715 1182 3771 Bustid.

173 3801 297 3872 privata:
308 3804 423 3874 Imperat,
437 3802 551 3854 refertur
558 3800 591 3854 sd
599 3802 688 3856 Theo·
773 3819 836 3872 107.
857 3801 908 3853 Nec
925 3804 1012 3852 carior.
1031 3800 1114 3850 Amor
1129 3809 1236 3851 mutuus

173 3879 285 3935 daiam
300 3899 378 3952 quem
399 3882 488 3934 insons
504 3881 600 3934 Serena
618 3882 686 3934 omi·
728 3899 785 3933 non
799 3879 880 3950 magis
892 3878 1011 3932 devinxit
1026 3878 1097 3930 inter
1110 3894 1138 3928 se
1153 3876 1236 3930 Laco-

168 3973 259 4016 natur
271 3961 466 4032 Imperatorem
481 3962 548 4014 fore.
731 3977 791 4023 nas,
804 3961 939 4017 Castorem
946 3957 1044 4011 scilicet
1053 3968 1080 4009 et
1091 3955 1239 4021 Pollucem,

211 4041 467 4113 102.Hocproprie
477 4041 689 4104 omenvocabant,
731 4039 830 4092 liberos
855 4035 956 4100 Leda,
980 4053 1059 4108 qnam
1083 4033 1237 4090 devinxerat

163 4143 228 4178 cum
239 4123 323 4176 rerba
332 4122 388 4174 olio
394 4118 619 4190 eonsilioprolata
630 4132 690 4190 apte
732 4113 915 4171 Theodosium
930 4129 956 4170 et
971 4115 1123 4170 Honorium
1136 4117 1237 4168 fratres.
