3034 4900
253 456 327 530 356
498 460 570 527 CL
599 455 886 527 CLAUDIANI
913 458 1056 525 XLIX.

304 590 489 676 Auxilium,
511 614 654 683 praesens
674 613 816 675 numen,
836 590 982 682 inempta
1002 587 1101 657 salus.

250 702 316 766 Seu
335 697 440 791 ruptis
456 694 584 763 inferna
602 711 703 764 ruunt
720 694 872 764 incendia
889 696 987 789 ripis,

301 807 346 872 Et
366 818 481 872 nostro
497 801 703 895 Phlegethon
718 801 833 870 devius
852 801 932 869 'orbe
948 799 1052 889 calet;

250 908 392 979 Sulfuris
411 912 444 978 in
462 932 564 977 venas
581 905 708 1002 gelidus
729 932 788 976 seu
809 906 931 976 decidit
945 908 1070 994 aronis,

302 1019 534 1108 Ascensusque
549 1014 639 1095 fluit,
657 1012 747 1107 quod
767 1012 953 1083 manifestat
973 1013 1073 1096 odor;
1125 1100 1131 1111 ·

250 1126 328 1191 Sive
349 1125 421 1219 pari
441 1122 590 1189 flammas
611 1118 777 1188 undarum
798 1117 892 1188 lance
914 1119 1117 1214 rependens,
1289 1148 1314 1201 ,ε

302 1230 435 1297 Arbiter
455 1230 491 1295 in
510 1226 616 1294 foedus
637 1252 733 1296 mons
754 1225 916 1295 elementa
934 1240 1032 1295 vocat
1048 1252 1057 1309 ;

250 1335 302 1403 Ne
323 1334 443 1405 cedant
460 1346 614 1425 superata
631 1334 709 1418 sibi;
729 1333 786 1402 sed
807 1329 932 1426 legibus
954 1334 1054 1425 aequis

305 1441 446 1509 Alterius
462 1440 548 1507 vires
567 1440 670 1532 possit
687 1454 864 1531 utrumque
881 1440 949 1533 pati
963 1463 973 1524 ;

250 1546 420 1640 Quidquid
436 1546 499 1614 erit
513 1569 639 1632 causae,
654 1568 864 1639 quocumque
883 1545 1041 1613 emitteris
1057 1560 1150 1633 ortu,

303 1656 380 1721 Non
402 1654 470 1721 sine
489 1650 627 1721 consilio
647 1676 781 1720 currere
800 1664 889 1719 certa
908 1650 998 1720 fides.

251 1761 335 1849 Quis
352 1782 464 1828 casum
480 1758 606 1827 meritis
622 1756 810 1827 adscribere
826 1756 945 1825 talibus
961 1756 1084 1825 audet?

304 1865 388 1954 Quis
410 1878 509 1957 negat
530 1879 681 1933 auctores
703 1864 775 1933 baec
796 1864 946 1933 statuisse
967 1862 1079 1933 Deos?

251 1970 312 2041 lile
329 1986 424 2065 pater
445 1995 576 2058 rerum,
594 1973 651 2065 qui
670 1969 788 2039 saecula
808 1969 925 2038 dividit
941 1972 1053 2057 astris,

302 2080 396 2147 Inter
415 2079 522 2172 prima
539 2076 607 2171 poli
624 2092 658 2145 te
676 2102 808 2172 quoque
827 2101 920 2147 sacra
936 2075 1041 2163 dedit,

251 2188 295 2254 Et
312 2182 461 2277 fragilem
479 2184 583 2252 nostri
599 2185 772 2253 miseratus
789 2183 936 2279 corporis
956 2208 1051 2251 usum
1290 2210 1314 2249 ss

302 2289 426 2359 Telluri
445 2290 588 2359 medicas
610 2289 749 2361 fundere
764 2292 860 2386 jussit
876 2314 994 2383 aquas3

251 2465 417 2519 henduntur.
433 2467 472 2518 Ut
488 2466 570 2536 igitur
590 2467 681 2518 ἄποινα
701 2480 763 2520 sunt
806 2466 924 2536 losopbi‚
936 2466 1063 2518 elementa
1074 2463 1124 2518 sibi
1135 2465 1236 2518 mutuis
1245 2481 1317 2517 com·

252 2545 349 2618 quibus
364 2543 534 2598 redimuntur
548 2547 648 2609 ποιναὶ,
662 2565 762 2616 prensi,
806 2545 1062 2616 plexibusilligariet
1068 2542 1182 2595 mirabili
1191 2545 1315 2614 conjungi

252 2627 319 2678 mala
343 2644 455 2688 eorum,
478 2626 524 2695 qui
548 2625 636 2676 hostes
658 2626 763 2678 fueraut
807 2623 994 2686 foederatione,
1022 2641 1081 2694 quae
1105 2623 1173 2673 inter
1194 2640 1222 2673 se
1251 2641 1316 2674 cou-

251 2706 323 2776 capti
337 2724 344 2758 z
358 2705 397 2758 sic
412 2705 500 2765 ἄπονος
516 2703 592 2767 fons,
607 2722 660 2774 quo
674 2702 764 2775 depel-
806 2704 884 2756 traria
910 2703 1091 2772 intelligantur
1114 2699 1241 2752 varietate
1265 2718 1317 2770 pu.

251 2785 343 2837 iuntur
355 2783 443 2835 morbi
455 2802 484 2835 ac
495 2782 609 2836 dolores.
621 2785 661 2836 De
671 2783 713 2835 his
723 2782 762 2834 la·
806 2801 901 2854 guare,
914 2792 964 2834 etc.
978 2807 989 2828 ι

250 2864 334 2915 saeris
354 2859 537 2913 Cassiodorius
558 2879 565 2914 τ
586 2888 596 2908 ι
608 2861 688 2914 Unde
707 2881 762 2914 non
847 2881 893 2931 79.
909 2861 975 2913 Eme
992 2859 1033 2912 vel
1053 2862 1113 2910 inest
1131 2861 1201 2928 conj.
1221 2859 1314 2914 Heius.

250 2956 354 2997 tantum
370 2938 494 2992 deliciosa
513 2940 634 3011 voluptas
649 2942 763 3012 acquiri·
807 2945 930 2994 remitteris
940 2941 1010 3010 vulg.
1018 2943 1128 2990 emitteris
1135 2937 1195 2992 Ald.
1207 2952 1234 2992 et
1241 2941 1315 2993 MSS.

250 3035 305 3087 tur,
313 3033 442 3093 quantum
451 3017 548 3071 blanda
558 3017 689 3074 medicina
700 3039 765 3073 con·
807 3023 924 3090 emergitis
942 3021 999 3073 MS.
1018 3016 1092 3072 unde
1109 3025 1228 3072 emerseris
1245 3023 1314 3092 conj.

251 3104 344 3154 fertur.
354 3099 460 3154 Scilicet
470 3099 527 3152 sine
536 3112 670 3152 tormento
683 3120 762 3166 cura,
807 3101 897 3154 Heius.

251 3183 308 3234 siue
322 3182 434 3234 horrore
449 3176 581 3242 remedia,
599 3181 696 3232 sanitas
712 3181 763 3232 im·
848 3185 895 3250 So.
913 3179 971 3233 Nora
987 3183 1038 3231 sine
1055 3180 1169 3242 eouriIio;
1186 3199 1241 3233 non
1259 3179 1316 3232 sine

250 3261 359 3331 punita,
371 3259 465 3310 balnea
478 3271 570 3310 contra
584 3256 702 3312 diversos
713 3260 762 3312 do·
806 3273 876 3314 certa
884 3258 1315 3332 providentiaecurafluitillefons,

250 3340 320 3391 loros
345 3337 465 3406 corporis
493 3336 627 3389 attributa.
641 3364 651 3384 ·
679 3339 763 3404 Quod
807 3340 933 3412 quoniam
957 3351 1029 3393 tantu
1048 3352 1101 3404 est,
1120 3350 1226 3411 tamque
1245 3339 1316 3392 utilis

251 3425 354 3486 inempta
370 3415 435 3466 solra
456 3434 470 3468 a
486 3416 568 3468 Poeta
588 3432 712 3484 vocatur,
728 3418 762 3471 ad
806 3419 888 3492 ipsius
900 3419 994 3472 virtus.
1009 3419 1059 3470 En.

250 3503 365 3565 inemptas
381 3493 454 3565 dapes
468 3495 577 3566 respicit
593 3497 659 3550 Hor.
675 3497 763 3569 Epod.
848 3503 895 3557 81·
908 3499 1055 3570 Hypallage
1066 3511 1092 3550 et
1104 3497 1186 3551 solitae
1198 3509 1318 3552 constru-

249 3578 287 3643 ΙΙ,
298 3577 418 3645 48,quas
426 3575 522 3627 hortus
530 3573 641 3628 domino
648 3591 762 3649 praestat.
807 3579 902 3633 ctiouis
921 3579 1087 3640 immutatio,
1103 3575 1150 3630 sed
1169 3596 1262 3630 verum
1280 3590 1317 3630 ta-

298 3661 344 3726 76.
359 3655 432 3708 Mons
447 3653 506 3719 ille,
517 3655 573 3708 sive
586 3655 677 3722 collis,
691 3657 764 3711 unde
807 3678 868 3712 uren
880 3657 954 3712 dicit.
968 3659 1036 3712 Nam
1047 3655 1119 3709 idem
1131 3668 1183 3721 est,
1194 3657 1248 3710 sive
1259 3673 1317 3710 cau·

251 3738 338 3790 oritur
359 3735 487 3806 Aponus,
513 3747 640 3806 tanquam
662 3738 762 3801 arbiter,
808 3736 1018 3792 samiadscribas
1041 3737 1174 3790 tribuasre
1196 3736 1316 3800 effectui,

251 3817 365 3868 elementa
378 3815 440 3866 alias
453 3815 524 3867 inter
537 3833 566 3867 se
579 3818 723 3886 pugnantia
735 3818 763 3868 in
807 3819 863 3872 sive
877 3830 970 3870 contra
983 3817 1110 3871 effectum
1125 3835 1217 3870 caussa.

252 3893 422 3948 concordiam
433 3893 551 3961 acsoedus
563 3909 648 3950 vocat.
661 3897 764 3968 Nempe
850 3902 895 3960 st.
909 3897 986 3950 Sacra
998 3897 1063 3968 poli,
1078 3895 1111 3948 τὰ
1126 3898 1193 3961 θεῖα,
1207 3895 1318 3950 celestia

252 3971 285 4026 ad
296 3973 481 4025 Heraeiiticam
494 3974 567 4026 illam
579 3975 763 4045 ίναντιοτροπὸν
810 3977 859 4030 Dei
873 3996 964 4049 opera.

252 4052 375 4123 respicit,
388 4051 421 4104 de
435 4072 488 4123 qua
500 4051 603 4106 dictum
618 4053 653 4108 ad
666 4055 764 4120 XVII,
851 4056 896 4110 85.
911 4057 1025 4127 Corporis
1036 4075 1102 4107 ruam
1111 4055 1245 4124 fragilem
1258 4072 1317 4106 oor·

254 4149 300 4202 72.
313 4129 431 4185 Cassiod.
443 4149 450 4184 ε
469 4159 480 4179 ι
491 4133 588 4188 Merito
600 4133 693 4188 dicunt
703 4135 765 4206 pbi-
810 4137 883 4206 poris
893 4125 1005 4208 fragilis',
1015 4153 1069 4206 quo
1075 4136 1183 4188 utimur.
1193 4135 1247 4186 En.
