3034 4900
270 476 363 553 '380
533 484 609 552 CL
636 483 927 553 CLAUDIAM
953 486 1098 554 LXIX„

283 613 452 683 Percurrit
467 614 640 709 proprium
660 616 818 686 mentitus
834 615 977 712 Signifer
997 641 1138 705 annum,

334 722 381 790 Et
400 719 554 789 simulata
574 746 665 790 novo
685 722 831 815 Cynthia
849 748 961 793 mense
979 722 1073 793 redit.

280 829 422 922 Jamque
437 851 536 897 sunm
552 826 691 897 volvens
707 828 817 897 audax
832 828 994 901 industria
1011 828 1173 900 mundum

336 932 487 1021 Gaudet,
505 948 541 1002 ct
556 933 704 1003 humana
721 933 830 1004 sidera
848 950 959 1005 mente
976 938 1071 1033 regit

282 1038 374 1135 Quid
393 1037 477 1109 falso
493 1041 658 1117 insontem
675 1042 802 1110 tonitru
819 1040 997 1111 Salmonea
1014 1040 1141 1112 miror?

334 1145 466 1215 AEmula
483 1160 611 1216 natmm
627 1171 733 1243 parva
750 1162 882 1247 reperta
904 1173 1032 1219 manus.

282 1324 796 1401 deeolidoeletere.-lrelrumqueocgir
840 1329 920 1385 Vien.
932 1347 1017 1401 marg.
1031 1329 1148 1383 Florent.
1162 1328 1220 1383 Pet
1232 1348 1284 1386 tec.
1298 1330 1355 1385 inc.

282 1407 442 1478 conjiciebat
462 1407 588 1461 Heinsius
601 1430 610 1476 ;
627 1426 679 1481 pro
705 1414 796 1475 nstris,
840 1409 933 1464 Heius.
946 1408 1014 1464 Cod.
1029 1410 1106 1481 Epig.
1119 1410 1213 1464 Ambr.

287 1491 363 1539 «aab
375 1485 449 1540 Med.
463 1506 515 1541 rec.
529 1492 609 1554 anub,
620 1489 710 1543 Peter.
723 1507 775 1543 rec
884 1490 930 1543 13.
943 1490 1060 1543 &bono
1072 1510 1205 1553 mm,
1220 1502 1273 1545 vet.
1284 1489 1356 1561 Gyr.

325 1584 353 1635 9.
367 1568 480 1631 Metine,
495 1568 578 1623 Vien.
591 1570 653 1632 Q
666 1573 793 1632 mitur,
839 1569 969 1625 Salomon
977 1574 1092 1641 peremit,
1109 1568 1212 1623 Buelid.

289 1761 1357 1801 *mmmmmmmmmmmmwwnmmmmm-

750 1966 888 2034 LXIX.

444 2189 528 2237 xix.
557 2191 607 2236 nr
634 2190 871 2238 ronrcasrn
898 2190 946 2237 rr
974 2158 1194 2238 reunion*

290 2318 434 2473 Quin
453 2394 522 2439 non
544 2394 651 2439 saevus
672 2374 776 2439 Amor
791 2370 1004 2441 flammarum
1026 2372 1161 2440 numine
1181 2369 1303 2466 cogat?

328 2553 394 2615 'De
407 2561 618 2618 hianominibne
637 2564 688 2616 alia
703 2583 798 2637 super·
845 2583 893 2618 suo
910 2563 1033 2628 Dndalo‚
1054 2577 1081 2617 et
1101 2575 1216 2616 mutatus
1238 2564 1268 2615 in
1295 2563 1355 2634 ipso

289 2661 344 2696 cete
359 2645 486 2697 memoria
502 2661 557 2695 non
577 2641 686 2696 videtur
701 2656 799 2715 preter
844 2663 905 2697 casu
919 2645 947 2694 in
959 2663 1033 2696 arem
1044 2642 1238 2714 cognominem.
1251 2637 1355 2713 (Apol-

289 2741 335 2787 ea,
351 2740 409 2793 quc
420 2735 482 2776 eunt
495 2721 697 2794 apuanlgent.
708 2723 796 2794 Myth.
842 2721 961 2788 lodorus‚
970 2724 1026 2787 ΠΙ,
1044 2729 1094 2789 14,
1106 2741 1122 2790 9
1132 2759 1139 2784 ,
1149 2720 1246 2772 Telum
1259 2719 1353 2774 Perdi·

289 2803 348 2866 111,
366 2819 398 2864 2,
422 2827 433 2848 ι
451 2801 590 2857 Perdicam
608 2804 697 2855 ferunt
715 2819 798 2855 vena·
842 2803 898 2864 cis,
912 2802 1014 2855 rororis
1036 2799 1154 2864 vadati,
1170 2799 1256 2852 filium
1272 2801 1306 2853 eb
1322 2819 1354 2852 eo

291 2893 375 2933 torem
399 2897 475 2933 eree:
503 2882 550 2952 qui
577 2881 688 2953 quidem
708 2882 799 2934 matris
845 2881 962 2934 occisum
976 2872 1085 2948 refert.)
1098 2881 1137 2932 De
1146 2879 1226 2949 hujus
1238 2880 1293 2932 avie
1306 2881 1355 2932 im·

291 2955 391 3030 (qnam
404 2957 500 3013 deinde
512 2961 657 3031 Polycasten
673 2953 800 3032 appellat)
845 2973 960 3034 portuna
979 2958 1090 3013 libidine
1109 2961 1224 3031 plurima
1248 2969 1355 3012 narrant

292 3041 382 3092 amore
391 3053 543 3112 correptus,
554 3039 621 3092 dum
632 3040 759 3113 utrinque
775 3054 802 3095 et
845 3053 955 3094 veteres.
964 3040 1115 3093 Substantia
1125 3040 1268 3111 igiturejur
1276 3057 1353 3111 quam

291 3118 448 3172 immodesta
459 3118 543 3173 libido
555 3121 680 3181 ferveret,
689 3135 715 3174 et
726 3140 801 3174 vere·
845 3121 1000 3192 Fulgentius
1012 3133 1101 3172 narrat
1114 3120 1214 3172 fabulae
1222 3131 1277 3173 est:
1292 3120 1353 3171 Per·

292 3198 390 3252 cundia
403 3201 467 3252 novi
481 3200 607 3252 facinoris
615 3201 802 3268 reluctaretur,
847 3199 962 3266 dix,seu
972 3199 1083 3254 Perdice
1091 3200 1191 3254 incesto
1199 3218 1287 3252 amore
1300 3216 1353 3250 ma·

292 3279 479 3350 consumptus,
499 3292 577 3350 atque
600 3278 635 3333 nd
658 3291 803 3334 extremam
847 3281 895 3333 tris
906 3299 959 3333 rua
974 3281 1117 3354 Polycaste
1133 3281 1214 3347 arsit,
1226 3291 1253 3331 et
1263 3291 1354 3331 conta·

293 3359 380 3409 tabem
389 3357 519 3412 deductus
528 3357 803 3413 eroedicitur.l²rimne
845 3361 914 3414 buit.
929 3359 971 3413 Ad
983 3361 1052 3412 hanc
1067 3361 1186 3422 fabulam
1198 3358 1287 3412 retulit
1300 3355 1353 3428 epi·

292 3436 371 3490 ctiam
382 3455 480 3490 serram
492 3439 625 3492 invenit.»
639 3439 744 3493 Deinde
754 3459 803 3493 sno
846 3459 963 3513 gramma
978 3439 1134 3505 Claudiani,
1151 3440 1193 3492 rel
1216 3441 1354 3509 cujuscun-

292 3535 368 3568 more
405 3518 486 3572 mirac
519 3519 655 3590 allegorias
689 3521 803 3591 profert.
848 3539 901 3592 que
922 3533 977 3580 est,
1003 3521 1050 3592 qui
1073 3521 1170 3572 lemma
1193 3519 1245 3570 hoc
1265 3533 1355 3587 euper-

294 3596 376 3662 Qnod
390 3596 425 3651 de
437 3617 507 3650 aem
520 3599 629 3654 inventa
642 3598 725 3664 dicit,
737 3619 804 3653 con·
847 3600 961 3672 scripsit.
980 3601 1086 3654 Poterat
1107 3613 1177 3652 certe
1200 3598 1281 3649 Poeta
1296 3606 1355 3666 post

294 3676 385 3731 fundit
394 3679 463 3732 forte
476 3678 592 3744 fabulas,
601 3679 701 3733 interea
715 3680 805 3733 firmat
848 3693 996 3734 enarratam
1014 3678 1144 3751 ejusmodi
1160 3677 1291 3738 fabulam,
1305 3675 1356 3727 hoc

293 3753 346 3819 (ri
362 3759 482 3812 conferat
500 3778 527 3812 r.
550 3779 575 3830 g.
590 3757 718 3813 Ovidium
738 3761 804 3814 Met.
848 3761 922 3814 velut
939 3760 1134 3832 ephipbonema
1156 3757 1285 3827 subjicere
1308 3753 1355 3806 bac

295 3837 379 3903 Vm,
395 3845 449 3903 ndo
460 3831 472 3908 )
485 3840 640 3912 opinionem
653 3841 805 3906 Mnnckeri,
850 3842 997 3893 sententia:
1010 3840 1036 3892 Si
1052 3839 1108 3891 lieri
1123 3848 1210 3910 potest
1224 3848 1254 3888 ut
1267 3833 1355 3904 στοργὴ

295 3917 423 3970 Perdiccam
438 3920 483 3973 hic
495 3938 564 3985 esse,
576 3921 623 3991 qui
638 3920 731 3973 Perdix
742 3919 805 3973 elim
849 3920 893 3972 illa
905 3934 930 3973 et
939 3921 1021 3992 pietas
1031 3919 1103 3971 inter
1114 3929 1224 3969 matrem
1235 3928 1260 3968 et
1272 3914 1356 3966 filium

295 3995 388 4048 Gracc
412 3998 608 4052 consuetudine
635 4013 663 4054 et
685 4002 805 4053 Romana
850 3999 878 4052 in
895 4001 947 4052 tale
967 3999 1094 4070 flagitium
1113 4009 1202 4060 exeat,
1220 3991 1357 4064 corrumpi

294 4088 452 4142 vocaretur,
467 4079 590 4145 inventor
606 4097 700 4145 serre,
713 4081 748 4132 ob
763 4081 805 4132 in·
850 4079 1135 4151 eaoogitationcipenm
1143 4077 1358 4149 pietatemmetus

294 4152 393 4209 vidiarn
416 4159 594 4230 precipitatur
614 4161 649 4213 ab
673 4160 805 4216 avunculo
851 4173 902 4227 est,
913 4175 998 4232 quum
1012 4157 1155 4230 puerulum
1169 4173 1245 4209 snum
1258 4152 1356 4206 inrinu
