3034 4900
240 446 313 531 ιιι
466 451 538 517 cn.
576 425 865 517 calumnii
892 447 1069 515 xxxvi.

238 581 403 648 Sicaniam
421 581 554 674 quaerit,
571 604 674 674 quum
695 579 838 648 necdum
858 577 1068 647 absconderit
1085 576 1176 646 Iden.
1264 612 1302 652 ιι.

239 688 371 755 Cuncta
387 701 503 781 pavet,
523 701 698 781 speratque
718 684 801 754 nibil
819 711 826 752 :
845 686 891 754 sic
909 698 1025 753 aestuat
1040 683 1127 770 ales,

239 793 324 880 Quae
346 807 476 861 teneros
497 791 614 861 humili
634 793 720 861 fetus
741 793 942 860 commiserit
959 815 1043 858 orno

237 897 386 967 Allatura
407 899 521 985 cibos,
536 913 570 967 et
587 897 730 991 plurima
751 899 875 991 cogitat
893 896 1028 982 absens3

238 1006 292 1073 Ne
309 1003 458 1099 fragilem
477 1019 596 1073 ventus
611 1004 799 1073 discusserit
819 1004 938 1072 arbore
958 1002 1092 1089 nidum;

238 1113 290 1179 Ne
307 1111 435 1179 furtum
456 1125 592 1205 pateant
608 1111 755 1197 homini,
770 1134 836 1184 neu
852 1109 962 1205 praeda
984 1106 1135 1178 colubris.
1266 1137 1304 1182 ns

240 1218 289 1284 Ut
306 1216 425 1287 domus
439 1217 585 1287 excubiis
605 1215 805 1286 incustodita
823 1217 975 1300 rcmotis²

240 1326 286 1391 Et
302 1324 483 1416 resupinati
498 1321 649 1416 neglecto
667 1321 802 1401 cardine
817 1335 947 1416 postes,

240 1540 400 1607 Quintiliani
410 1553 485 1595 astate
497 1543 675 1613 grammatici,
684 1560 751 1614 qnos
795 1555 849 1596 tem
856 1541 963 1613 cogitat,
969 1541 1051 1594 inimo
1059 1539 1213 1610 ancogitatl
1222 1552 1307 1593 mater

241 1621 297 1692 ipse
309 1622 405 1689 probat
413 1658 421 1685 ,
429 1623 518 1691 pinnas
530 1624 618 1693 potius
627 1623 751 1675 tribuisse
794 1621 852 1677 bac
861 1622 915 1674 ales
924 1620 959 1674 ad
969 1620 1065 1674 nidum
1073 1639 1153 1673 suum
1165 1620 1305 1684 festinans,

242 1712 300 1753 tum
310 1701 357 1753 alis
366 1703 496 1772 majorum
507 1701 593 1755 avium
602 1714 676 1766 ,tum
687 1721 752 1773 pro·
795 1720 850 1754 non
863 1713 982 1772 apparet.
993 1700 1113 1753 Nimium
1123 1699 1250 1772 explicata
1261 1717 1306 1751 co-

241 1793 301 1850 pter
310 1777 516 1833 similitudinem
528 1779 661 1855 quandam
670 1775 751 1853 pisci·
795 1780 888 1852 gitatin
899 1780 954 1833 avis
965 1780 1061 1833 avertit
1071 1780 1191 1833 animum
1202 1779 1308 1832 lectoris

242 1860 307 1924 bns,
323 1878 352 1912 ac
372 1856 470 1912 deinde
486 1879 625 1914 murorum
641 1861 752 1914 summis
796 1878 811 1912 a
824 1859 941 1930 pictura,
955 1877 1015 1930 quas
1029 1879 1135 1913 sensum
1149 1860 1247 1912 innare
1261 1857 1307 1912 de-

241 1938 414 2011 marginibus.
431 1940 496 1992 Dixi
511 1940 577 1994 olim
594 1938 628 1992 ad
637 1939 750 2006 Quintil.
796 1940 883 1993 behet.
911 1939 998 1992 Multo
1025 1940 1159 1992 salubrior
1183 1939 1308 1996 Horatius

242 2020 271 2084 1,
286 2026 319 2084 4,
332 2038 378 2079 aa,
392 2033 419 2072 et
431 2019 569 2078 observari
582 2032 654 2073 certe
663 2018 698 2072 de
709 2037 753 2089 sy·
797 2017 885 2090 Epod.
899 2020 927 2086 Ι,
942 2037 995 2088 19:
1013 2019 1068 2072 -Ut
1081 2018 1308 2090 assidens-implu-

242 2099 370 2170 nonymia
384 2097 455 2153 idem
470 2100 558 2153 risum
572 2111 599 2151 et
609 2100 755 2172 Cannegic·
798 2100 886 2152 mibus
897 2099 979 2170 pullis
994 2099 1049 2153 avis
1059 2098 1231 2170 Serpentium
1246 2098 1308 2150 alla·

244 2191 302 2232 tero
313 2177 345 2232 ad
357 2180 433 2232 Aria.
446 2180 499 2232 sab.
511 2181 556 2245 Π,
568 2181 754 2251 p.18,h.lta-
798 2199 863 2252 psus
879 2180 954 2233 timet
970 2181 1054 2251 Magis
1066 2179 1179 2245 relictis3
1193 2196 1248 2231 non
1255 2215 1263 2242 ‚
1280 2189 1310 2230 ut

242 2277 296 2330 que
304 2278 354 2312 nec
365 2256 492 2330 damnare
502 2259 659 2330 simpliciter
671 2260 756 2312 ausina
800 2259 886 2326 adsit,
902 2259 984 2314 auxili
998 2259 1097 2312 Latura
1112 2259 1173 2330 plns
1195 2275 1310 2328 preasen-

242 2352 360 2408 pennatns
369 2351 500 2409 serpentes,
515 2336 596 2392 Ovid.
609 2341 675 2392 Met.
686 2341 755 2404 VII,
800 2340 902 2392 tibun-
922 2340 985 2392 Haec
1000 2350 1112 2410 possunt
1130 2357 1162 2390 cx
1174 2323 1241 2390 ⁴actu
1256 2337 1311 2408 gal·

247 2418 313 2472 350.
328 2417 381 2471 Sed
396 2419 481 2474 inulto
496 2420 585 2471 minus
599 2419 679 2471 velim
688 2418 754 2472 Met
799 2419 862 2472 linas
885 2419 981 2489 conjici
1007 2437 1014 2469 ε
1043 2418 1087 2470 ille
1108 2413 1185 2469 'actus
1207 2416 1311 2487 gallinas

245 2498 303 2562 111,
319 2503 367 2568 671
382 2512 409 2551 et
422 2518 485 2551 mox
499 2500 556 2568 678
567 2502 656 2567 pinnas
672 2516 756 2551 novo·
800 2510 969 2569 comparatur
984 2514 1044 2549 curn
1060 2506 1119 2547 actu
1133 2496 1229 2546 Poeta.
1245 2494 1310 2558 Hic,

245 2596 308 2630 rum
326 2578 524 2649 Delphinomm
536 2590 641 2629 mutare
655 2578 682 2629 in
695 2597 756 2645 pen-
800 2576 866 2647 quid
886 2578 940 2628 Dea
960 2574 1128 2646 cogitaverit,
1148 2572 1258 2627 docetur
1278 2591 1309 2623 ex

245 2678 298 2710 nas.
310 2690 348 2699 —
363 2659 452 2709 Poeaaas
464 2657 526 2709 Vic.
541 2656 663 2709 Parrhas.
676 2656 754 2708 Vien.
801 2654 1003 2725 cogitationibus
1017 2654 1080 2706 avis.

246 2738 321 2789 Jnnt.
345 2756 437 2804 pennas
466 2734 528 2788 Atd.
551 2736 645 2788 Heius.
667 2739 757 2805 pinnas
844 2740 908 2796 142.
923 2732 993 2786 Orno
999 2730 1131 2795 ,·cnilibet
1142 2731 1240 2783 arbori.

246 2816 304 2868 Bas.
315 2814 401 2867 Plant.
413 2814 582 2884 Clam-Rapbr
589 2814 679 2867 Barth.
690 2832 757 2885 quos
845 2812 909 2876 143.
921 2812 1038 2866 Azotum
1047 2810 1111 2863 cn'bns
1118 2831 1129 2873 ,·
1140 2812 1202 2882 quia
1212 2810 1314 2863 volavit

246 2912 353 2964 sequor.
802 2890 834 2945 ad
850 2892 978 2963 pabulum
993 2890 1172 2945 referendum.

291 2978 350 3035 140.
368 2972 513 3024 ascendens
524 2971 616 3042 primas
629 2968 705 3024 editt.
717 3005 758 3015 -
845 2978 910 3042 ιιί7,
926 2972 1067 3043 Ηωιφίηαιὶ
1076 2983 1156 3042 pastas
1171 2984 1234 3023 sunt
1248 2970 1311 3042 ipsae

246 3053 361 3105 Pulchro¹
370 3050 653 3123 pingitimpatientiam
660 3051 758 3104 amoris
802 3052 898 3118 valvas,
912 3070 942 3105 ac
954 3070 989 3103 ne
1004 3048 1112 3122 quidem
1124 3052 1253 3122 jacentes,
1265 3046 1311 3103 sed

247 3145 273 3185 et
288 3130 474 3186 sollicitudinis
488 3143 622 3184 maternas.
630 3130 759 3184 Nondum
801 3130 905 3185 reflexa
913 3143 1030 3197 tantum,
1041 3132 1132 3197 verbo,
1142 3142 1246 3205 aperte.
1256 3130 1311 3181 Nec

247 3212 405 3274 absconditi-it,
422 3212 450 3264 b.
465 3230 487 3263 e,
502 3228 535 3263 ex
549 3210 633 3263 oculis
645 3222 759 3282 propter
802 3212 873 3264 enim
895 3223 1045 3281 expugnata
1064 3211 1116 3264 fuit
1136 3209 1245 3271 domus,
1266 3206 1311 3261 sed

246 3289 409 3347 distantiam.
429 3292 551 3343 locorum
576 3290 663 3344 amisit
690 3289 758 3343 Iden
803 3284 1311 3361 desertamodo‚prodeuntesponted0·

246 3369 384 3440 Phrygia,
400 3382 427 3421 et
439 3372 495 3438 jam
507 3370 603 3441 quatit
615 3370 703 3424 oculis
714 3370 757 3423 si·
803 3371 884 3424 mma.
901 3369 988 3423 Unice
995 3370 1050 3423 huc
1059 3370 1121 3425 facit
1130 3370 1250 3441 Propert.
1258 3368 1309 3427 IV,

247 3448 344 3502 ciliarn.
354 3447 485 3501 Laudarit
494 3448 619 3502 Heinsius
629 3453 690 3503 AEn.
701 3451 759 3516 Ill,
803 3468 875 3514 vm,
891 3457 945 3519 49,
960 3449 1012 3502 Hic
1020 3450 1099 3502 subito
1108 3452 1175 3501 ranei
1185 3458 1312 3501 sonuerant

250 3547 301 3597 ²91
316 3569 324 3594 ‚
338 3530 452 3581 Protinus
467 3532 545 3580 nenias
557 3529 688 3582 Phoeacwn
702 3530 759 3581 abs·
803 3530 984 3600 cardincpostas
993 3549 1027 3583 :..
1038 3528 1168 3596 ..deinde
1177 3540 1238 3579 tatas
1247 3546 1311 3599 resn-

247 3608 368 3661 condimas
379 3607 453 3661 ames.
800 3613 872 3680 pinnt
881 3609 988 3679 Cynthia
996 3610 1088 3663 calvas.
1099 3610 1137 3661 Ut
1147 3608 1219 3661 soleo
1227 3608 1312 3659 liben-

289 3696 323 3751 rl
330 3708 353 3742 ι.
369 3688 464 3741 Suavis
475 3700 503 3739 et
514 3686 603 3759 lepida
617 3701 657 3742 est
669 3689 756 3759 imago
801 3700 842 3742 ter
857 3689 1032 3760 pretermissa
1042 3688 1069 3741 in
1079 3687 1221 3741 Thesauris
1236 3706 1312 3738 revo-

245 3770 387 3822 mctuentis
407 3785 455 3820 suo
474 3766 540 3820 nido
558 3768 667 3820 avicula
684 3787 692 3818 ε
710 3767 757 3820 sed
801 3788 875 3832 care,
889 3770 926 3821 ita
937 3768 983 3821 hic
995 3787 1094 3839 ponam
1106 3768 1165 3820 loca
1178 3765 1312 3838 quodam,

245 3867 278 3901 an
299 3848 407 3919 probari
426 3848 505 3918 jussit
524 3848 616 3918 paullo
634 3847 756 3900 subtilius
801 3848 944 3919 inquibus
964 3860 1054 3919 aperte
1068 3859 1148 3919 postes
1165 3866 1220 3898 non
1237 3864 1312 3915 para·

245 3928 421 3997 cogitantibus
445 3946 502 3979 non
527 3925 628 3995 dixero,
655 3926 755 3999 Simili·
801 3925 888 3981 stadns
906 3941 933 3979 et
953 3929 1046 3981 stantia
1067 3928 1138 3998 tigna
1157 3928 1311 3997 januarum,

246 4005 312 4059 tudo
326 4007 433 4057 inventa
447 4019 499 4070 est,
510 4018 540 4058 ut
554 4026 595 4059 res
612 4006 693 4077 magis
704 4006 756 4078 ipsi
800 4004 846 4059 aad
856 4007 926 4078 ipsas
934 4008 1022 4061 valvas
1029 4020 1132 4060 notant.
1142 4006 1227 4077 Igitur
1236 4002 1311 4071 Virg.

244 4104 351 4157 quoque
366 4086 455 4137 sensui
470 4099 604 4156 appareat.
619 4084 696 4151 Quid
709 4105 755 4139 au·
800 4086 898 4157 Georg'.
913 4088 954 4150 11,
968 4089 1036 4151 463,
1052 4091 1118 4139 nant
1125 4086 1227 4156 pulchra
1240 4092 1312 4133 tastu.
