3034 4900
249 406 320 453 120
465 381 540 450 CL.
567 381 868 453 CLAUDIANI
895 381 1085 451 XXVIII.

242 516 315 585 Nec
331 524 436 605 capta]
450 513 619 582 cruciastis
634 537 714 607 opes
730 538 739 579 :
755 511 820 581 boc
837 536 953 607 aspera
969 512 1028 581 fati

244 620 324 688 Sors
339 617 465 715 tulerit,
480 618 663 713 Martisque
677 618 766 687 vices
783 644 791 686 :
808 643 876 687 non
892 618 1040 687 funditus
1054 618 1155 686 amnis

244 722 464 793 concideram
480 750 488 791 :
506 724 642 819 stipatus
657 723 788 812 adbuc,
803 724 1016 819 equitumque
1031 723 1171 793 catervis

243 832 393 924 Integer,
408 829 450 897 ad
466 846 594 900 montes
611 827 736 924 reliquo
752 855 827 900 cum
845 830 964 899 robore
981 831 1079 918 cessi,
1264 852 1305 893 ‚ss

245 936 341 1025 Quos
357 937 567 1031 Apenninum
589 936 775 1030 perhibent.
793 939 892 1005 Hune
908 960 977 1005 esse
994 935 1120 1005 ferebat

243 1040 372 1127 Incola,
389 1044 446 1137 qui
461 1040 609 1111 Siculum
625 1056 798 1138 porrectus
812 1042 959 1136 adusque
975 1040 1128 1111 Pelorum

245 1148 380 1217 Finibus
396 1147 439 1217 ab
454 1148 614 1242 Ligurum
630 1146 771 1243 populos
787 1147 1018 1243 complectitur
1032 1170 1146 1217 omnes

245 1252 365 1341 Italiae,
381 1254 613 1347 geminumque
628 1252 713 1323 latus
731 1255 924 1349 stringentia
939 1252 1036 1349 longe

245 1360 396 1452 Utraque
411 1374 573 1453 perpetuo
589 1358 794 1429 discriminat
808 1384 940 1454 aequora
955 1373 1072 1429 tractu.
1267 1398 1307 1439 »ῳ

247 1466 323 1533 Huc
337 1488 401 1559 ego
416 1466 610 1551 continuum
626 1468 652 1534 si
667 1490 728 1559 per
740 1465 821 1559 juga
836 1466 970 1535 tendere
987 1488 1139 1545 cursum,

248 1572 299 1638 Ut
313 1570 406 1665 prior
420 1571 510 1640 iratae
527 1570 634 1641 iuerat
649 1574 811 1641 sententia
825 1572 959 1656 mentis,

246 1677 321 1744 Jam
337 1674 510 1770 desperate
527 1675 701 1747 valuissem
719 1676 812 1766 luce;
829 1677 909 1772 quid
925 1674 1034 1747 ultra?

249 1781 416 1851 Omnibus
435 1796 627 1877 oppeterem
648 1782 738 1852 fama
753 1783 878 1877 majore
893 1784 1055 1878 perustis:

248 1887 295 1955 Et
308 1901 398 1957 certe
415 1890 561 1958 moriens
579 1890 715 1983 propius
734 1903 782 1977 te,
801 1892 930 1977 Roma,
948 1888 1105 1958 viderem.
1149 1960 1151 1963 ,
1270 1914 1309 1967 ¹⁹⁵

250 1994 392 2087 ipsaque
413 2018 474 2088 per
491 1992 597 2064 cultas
618 2009 745 2090 segetes
759 2020 849 2065 mors
868 2010 981 2065 nostra
995 2010 1109 2065 secuto

250 2099 380 2168 Victori
396 2097 555 2169 damnose
572 2099 677 2169 foret:
693 2100 752 2169 sed
772 2102 912 2195 pignora
928 2102 1023 2171 nobis

252 2205 440 2291 Romanus,
462 2230 619 2301 carasque
636 2231 759 2296 nurus,
778 2208 989 2303 praedamque
1003 2206 1156 2292 tenebut3

296 2407 360 2461 286.
372 2406 445 2460 Vera
459 2418 486 2460 et
499 2406 611 2478 pulchra
624 2406 763 2479 Apennini
804 2408 928 2463 omnibus
941 2406 1054 2478 campis,
1067 2406 1096 2458 in
1105 2407 1168 2477 juga
1176 2406 1312 2477 Apennini

254 2483 413 2556 descriptio,
424 2503 475 2556 qua
483 2484 566 2539 bodie
574 2499 690 2540 utuntur
696 2526 705 2553 ,
714 2488 763 2560 qui
805 2506 849 2542 me
860 2489 1033 2560 recepissem
1048 2503 1166 2538 morerer
1179 2498 1205 2538 et
1216 2485 1312 2539 luben·

255 2566 348 2618 orbem
362 2577 483 2619 nocuum
502 2583 552 2636 per
566 2565 611 2620 illa
629 2566 762 2621 montium
806 2568 877 2633 tius,
896 2568 919 2620 si
936 2565 1045 2638 quidem
1065 2563 1180 2619 viderem
1200 2565 1312 2636 propius

256 2655 284 2697 et
301 2643 372 2698 ultra
391 2640 468 2699 terre
487 2643 625 2716 planitiem
644 2647 763 2700 eminen-
805 2647 932 2711 Romam,
946 2656 973 2697 et
988 2655 1086 2716 segetes
1101 2644 1139 2696 ita
1151 2656 1268 2709 exustas,
1280 2656 1311 2696 ut

256 2722 341 2784 tium,
355 2735 383 2776 et
397 2725 447 2776 sub
460 2725 528 2775 mari
543 2722 609 2779 adeo
625 2738 762 2796 porrecto·
805 2726 891 2778 victor
898 2725 955 2797 ipse
962 2724 1030 2777 nibil
1038 2734 1099 2795 post
1108 2741 1150 2776 me
1159 2723 1310 2791 inveniens,

256 2820 337 2867 rum,
354 2803 417 2872 juga
432 2800 603 2857 describunt:
619 2803 666 2860 sed
682 2823 763 2876 quam
805 2803 879 2857 unde
892 2805 972 2858 aleret
986 2803 1147 2869 exercitum,
1164 2803 1312 2875 perniciem

255 2881 285 2934 iu
300 2879 432 2951 ejusmodi
447 2882 584 2935 occasione
599 2883 628 2938 in
645 2898 762 2938 mentem
809 2896 909 2938 certam
922 2883 1062 2936 habuisset

254 2960 347 3015 venir'e
360 2960 481 3027 Alarico,
494 2961 574 3014 nimis
588 2962 764 3035 improbabile
850 2963 1057 3033 296.Turbatns
1065 2961 1177 3016 nimium
1185 2961 1251 3016 ordo
1261 2962 1313 3015 im-

255 3053 303 3094 est.
318 3038 462 3104 Audirem,
472 3041 494 3094 si
506 3041 557 3095 iste
568 3055 688 3098 narraret
699 3038 765 3096 Ala·
807 3041 900 3115 pedire
911 3055 998 3115 potest
1009 3043 1088 3096 etiam
1099 3061 1157 3096 non
1168 3041 1265 3096 rudem
1277 3042 1315 3096 le·

255 3120 328 3179 tiens
340 3121 442 3174 otiosus
454 3120 616 3193 cuicumque
629 3123 723 3176 amieo.
807 3134 924 3176 ctorem:
935 3124 996 3194 Ipsa
1006 3140 1076 3175 mors
1088 3135 1178 3176 nostra
1187 3121 1313 3176 damnosa

300 3200 367 3270 ²9³·
386 3199 416 3254 si
433 3201 559 3271 deperata
566 3203 622 3272 jam
637 3202 689 3254 luce
702 3201 765 3256 vitre
807 3202 904 3258 victori
914 3202 1019 3267 fuisset,
1030 3203 1153 3274 persequi
1164 3221 1213 3256 nos
1223 3214 1314 3256 coacto

257 3278 355 3349 hujus,
369 3280 502 3333 felicitatis
515 3293 603 3347 certe,
619 3281 764 3352 potuissem
807 3301 856 3354 per
869 3294 979 3352 segetes,
995 3299 1090 3352 easqoe
1103 3283 1264 3336 conculcare.

256 3358 360 3418 Italiam
368 3377 464 3430 ‚quam
472 3359 551 3430 longa
559 3371 610 3425 est,
620 3379 670 3430 per
677 3361 767 3432 Apen-
850 3379 912 3432 ²97·
927 3361 1026 3432 Objieit
1037 3361 1101 3428 sibi,
1113 3360 1186 3432 quod
1195 3377 1314 3412 eommo-

257 3437 317 3490 nini
330 3439 395 3509 juga
406 3456 578 3510 percurrere;
594 3438 662 3510 quid
674 3441 765 3512 proie-
807 3438 867 3492 dius
882 3440 979 3494 amicus
995 3438 1136 3494 excusandi
1153 3440 1223 3493 iilius
1237 3457 1315 3491 causa

257 3516 368 3570 cissemi
381 3517 440 3572 Hoc
454 3531 525 3572 certe
538 3530 570 3571 ut
584 3519 724 3590 gloriosius
738 3532 766 3574 et
808 3517 922 3586 diceret,
937 3538 993 3572 non
1008 3521 1156 3573 consultum
1173 3519 1252 3572 luisse
1267 3525 1315 3572 va'·

256 3597 368 3668 propius
385 3598 497 3649 Romam
513 3599 638 3670 perirem.
657 3600 764 3652 Dicere·
808 3612 877 3654 stare
888 3599 1008 3666 Italiam,
1023 3617 1107 3671 quum
1120 3597 1250 3652 haberent
1263 3599 1317 3650 iio·

256 3681 501 3748 turmmgnistamen
508 3678 678 3740 murtensis,
690 3677 764 3749 quod
807 3679 879 3732 meni
893 3679 1008 3749 captivas
1028 3679 1156 3732 Getarum
1174 3697 1269 3731 uxores
1289 3691 1317 3731 et

255 3756 284 3806 in
298 3753 453 3810 Pbaetontis
472 3758 615 3828 sepulchro
632 3757 762 3828 scriptum
807 3757 856 3810 alia
869 3758 990 3829 pignora.
1004 3757 1172 3829 Respondet,
1187 3769 1260 3811 tanto
1274 3776 1319 3811 ex·

254 3849 382 3890 memorat
393 3835 475 3889 Ouid.
488 3837 553 3890 Met.
568 3839 609 3904 ll,
624 3837 691 3907 3²7·
805 3835 921 3908 peditius
930 3839 1053 3892 futurum
1063 3838 1142 3892 fulsse
1149 3855 1250 3910 agmen.
1258 3838 1317 3890 Hoc

295 3918 359 3980 ²9⁴·
368 3915 449 3968 Fama
457 3918 555 3986 mapbre,
563 3935 682 3973 morerer
690 3917 759 3970 sama
806 3916 879 3968 enirn
888 3929 928 3970 est
934 3932 1059 3980 exsertum,
1071 3930 1102 3972 ut
1111 3918 1249 3973 brachium
1259 3935 1315 3969 uon

252 3992 372 4062 majore,
391 3994 428 4046 ait
445 3996 583 4064 Alaricus,
604 3997 626 4050 si
646 3997 759 4052 incensis
804 3995 961 4068 impeditum
973 4000 1069 4071 pallio,
1084 4011 1159 4070 toga,
1175 3997 1279 4069 penula·
