3034 4900
276 470 350 543 386
497 474 569 541 en.
598 472 897 542 coloniam
925 452 1123 539 cxxiv(

272 610 317 675 Et
333 604 478 673 medium
496 619 529 672 te
546 608 636 673 Zona
655 603 733 698 liget
750 606 874 671 variata
893 600 1044 677 colorum,

272 710 441 794 Floribus,
460 726 493 779 et
511 726 607 780 castae
625 711 775 779 manibus
794 709 908 778 sudata
926 710 1070 800 Serene,

273 822 446 887 Persarum
465 816 585 912 gentile
602 816 709 885 decus.
730 818 784 885 Sic
803 818 924 910 quippe
943 814 1071 883 laborat

273 925 434 993 Maternis
452 922 583 1009 studiis,
603 948 664 991 nec
684 922 881 1016 dedignatur
903 936 1068 1015 equestres

262 1029 384 1099 «Moliri
404 1028 555 1125 phaleras
574 1053 695 1123 genero
713 1028 819 1097 latura
837 1027 1000 1098 decorem.
1042 1078 1043 1087 κ
1309 1058 1334 1093 1⁵

272 1241 306 1293 ab
315 1240 379 1309 ipsis
387 1237 502 1310 phaleris
511 1238 653 1309 purpureis
662 1255 727 1290 auro
737 1236 778 1290 di·
824 1239 863 1289 De
875 1238 925 1289 hoe
936 1254 1032 1306 genere
1042 1234 1099 1289 vid.
1110 1236 1205 1290 Brisso.
1217 1234 1250 1289 de
1259 1237 1335 1309 regio

272 1318 383 1371 stinctis.
823 1316 926 1369 Persar.
939 1317 1024 1386 princ.
1039 1316 1093 1374 ΙΙΙ,
1108 1316 1154 1370 58.

316 1417 359 1451 ra.
371 1397 466 1450 Sedato
480 1397 585 1449 munibru
598 1394 692 1449 Serene
705 1397 780 1447 Zona
867 1396 1123 1458 rellaumauodia,
1130 1396 1251 1449 voluntas
1257 1396 1335 1450 enixa

272 1489 422 1547 comparata
438 1494 499 1527 cum
514 1475 643 1529 similibus
659 1474 780 1529 formulis
824 1494 921 1529 socrus.
931 1476 997 1540 Quae
1005 1494 1067 1546 gens
1076 1472 1156 1527 hodie
1163 1494 1269 1547 quoque
1277 1494 1334 1528 non

272 1554 306 1608 ad
320 1556 421 1617 XXIV,
436 1563 482 1623 94.
824 1555 921 1625 patris,
935 1554 1040 1617 matris,
1057 1554 1144 1607 fratris
1159 1554 1337 1625 appellatione

315 1635 357 1687 13.
366 1636 494 1686 Persarmn
504 1634 581 1687 luxus
591 1636 678 1705 regius
689 1635 781 1687 inleoit
824 1635 852 1686 in
864 1634 986 1705 proximo
1001 1634 1136 1686 affinitatis
1147 1632 1245 1704 gradu,
1258 1636 1336 1687 blan·

272 1726 357 1766 totum
367 1712 503 1768 Orientem
512 1752 520 1780 ‚
529 1714 572 1767 vel
581 1726 668 1767 totum
678 1716 779 1767 orbem.
825 1710 925 1766 diendo
940 1712 1101 1785 presertim,
1113 1712 1215 1767 utitur?

270 1918 878 1941 ΜΜΜΜΜΜΜΜΜΜΜ
882 1918 1337 1939 mwmmfflummm

712 2148 893 2215 LXXIV.
928 2140 933 2153 ⁸

286 2346 394 2392 xxiv.
424 2345 684 2391 nesarcsrro
707 2318 764 2390 'an
794 2344 1012 2391 sesamon
1041 2306 1321 2402 oomsroaams*

276 2498 360 2619 Sto
378 2569 447 2610 non
464 2544 656 2636 AEthiopum
674 2566 809 2635 campos
829 2556 939 2610 aestate
961 2567 1144 2636 pererrem,

325 2652 397 2719 Nec
414 2649 568 2742 Scythico
579 2649 736 2716 lirumam
755 2647 817 2716 sub
834 2651 916 2716 Jove
936 2647 1042 2716 nudus
1064 2672 1177 2741 agam3

315 2843 433 2902 'Ironica
444 2851 500 2901 hsce
514 2847 676 2918 deprecatio,
685 2849 725 2899 rel
736 2867 782 2918 pa·
827 2867 887 2899 rum
903 2847 948 2900 hic
966 2849 1022 2919 peti
1037 2847 1184 2918 suspicatur
1197 2849 1339 2918 Barthius‚

276 2929 376 2984 linodia
388 2941 428 2981 est
439 2927 587 2980 Horatianae
599 2927 653 2992 illi,
667 2939 719 2997 qua
733 2927 783 2979 Ca·
827 2929 882 2998 ejus
898 2929 937 2979 rei
955 2946 1057 2980 causam
1072 2926 1196 2981 idoneam
1211 2929 1338 3001 equidem

275 3004 781 3077 nidiaminfamuvitEpod.17,similis.
827 3026 882 3059 non
904 3006 990 3060 video.
1011 3009 1158 3078 (luoeslorcm
1179 3008 1234 3081 ipse
1255 3011 1339 3065 Poeta

276 3091 363 3163 Hujus
381 3088 474 3141 Aletlu'i
490 3093 587 3138 nomen
607 3105 639 3137 an
660 3087 722 3139 alias
739 3105 782 3138 sn·
828 3085 949 3140 nominat
966 3106 1041 3154 eum,
1059 3090 1087 3141 in
1106 3106 1185 3160 quem
1199 3088 1286 3154 ludit,
1302 3089 1339 3144 de

276 3170 374 3242 persit‘,
388 3185 444 3218 non
456 3166 541 3217 habeo
553 3163 649 3218 dicere.
664 3167 724 3217 1m0
734 3185 784 3218 nec
828 3184 880 3236 qua
893 3164 1020 3236 dignitate
1034 3168 1156 3239 pluribus
1167 3169 1233 3222 loeis
1245 3167 1278 3220 ad
1290 3189 1337 3236 co-

276 3250 364 3318 ipsum
381 3262 477 3295 nomen
493 3244 599 3296 invenio
616 3263 623 3296 ε
639 3243 784 3297 sedunum
828 3243 915 3298 dicem
931 3245 1147 3300 Theodosianum
1165 3248 1216 3318 agit
1232 3248 1338 3302 Gotho-

277 3328 441 3392 elterumque
453 3322 576 3375 Alethium
585 3323 613 3375 in
624 3323 785 3382 Gruteriano
828 3323 1065 3378 fredusSummam
1071 3325 1177 3380 videtur
1183 3327 1338 3398 complexus

277 3419 304 3458 et
321 3401 504 3456 Muratoriano
518 3403 724 3473 Inscriptionum
739 3405 784 3455 In·
828 3405 947 3456 Zosimus
954 3406 989 3470 V,
999 3407 1104 3471 32‚drsi
1113 3407 1208 3473 βασιλεῖ
1216 3403 1339 3462 δοκοῦντα

277 3485 343 3538 dice.
363 3482 438 3546 Quin
458 3481 486 3532 in
504 3481 549 3534 illa
566 3483 690 3535 varietate
706 3495 785 3553 atque
829 3485 976 3555 τεταγμένος
992 3487 1166 3557 ὑπαγορεύειν,
1179 3487 1223 3557 qni
1238 3489 1338 3539 consti·

277 3567 379 3619 incerto
389 3563 557 3628 lemmatum,
567 3581 602 3614 ne
612 3562 664 3614 hoc
674 3563 784 3634 quidem
829 3574 900 3616 tutus
919 3577 972 3629 est,
995 3578 1025 3617 ut
1042 3567 1207 3636 imperatoris
1231 3565 1339 3620 decreta

278 3642 340 3699 satis
360 3654 476 3706 constat,
494 3641 561 3695 sitne
580 3643 632 3695 hoc
651 3661 749 3696 nornen
770 3663 785 3696 a
829 3635 909 3713 (leges
922 3657 948 3696 et
959 3641 1111 3708 sententias)
1126 3643 1215 3698 dictet.
1229 3647 1291 3697 Duo
1303 3649 1338 3699 ab

280 3723 425 3778 Claudiano
437 3723 562 3793 positum.
574 3721 630 3775 Nee
638 3735 704 3792 puto
714 3735 786 3776 recte
829 3721 875 3774 illo
890 3743 939 3794 per
950 3725 1045 3776 multas
1058 3725 1201 3777 verborum
1217 3727 1340 3795 arnbages

278 3804 389 3857 inscribi
409 3801 462 3854 hoc
482 3803 642 3874 epigramma
662 3803 708 3855 Ad
724 3803 785 3854 Ale·
830 3803 944 3874 requirit
961 3802 1119 3856 Cassiodorii
1136 3803 1196 3856 stilo
1212 3803 1338 3856 Theodo-

280 3887 353 3936 tliam
361 3904 371 3945 ,¹
388 3900 472 3952 quum
487 3899 617 3953 nusquam
632 3881 708 3934 illum
722 3883 785 3934 allo·
831 3883 901 3935 ricus
912 3884 975 3935 Ver.
989 3885 1052 3948 XX,
1064 3887 1080 3933 o
1095 3896 1122 3936 et
1135 3883 1298 3954 7,]'ustitiam
1311 3899 1338 3938 et

279 3977 389 4036 quatur,
410 3960 456 4015 sed
479 3975 603 4032 tanquam
626 3961 659 4014 de
680 3963 786 4015 absente
829 3963 1015 4034 eloquentiam.
1041 3996 1080 4004 —
1097 3963 1226 4024 ,Offensio
1250 3977 1339 4017 autem

279 4056 345 4115 agat.
366 4043 436 4111 Ergo
458 4041 658 4095 inscribendum
680 4055 735 4093 erat
755 4043 786 4093 In
830 4061 908 4112 quam
928 4041 1063 4114 deprecari
1079 4062 1105 4095 sc
1120 4043 1225 4096 simulat
1240 4043 1341 4099 Noster

280 4124 410 4176 Alethium.
430 4120 511 4185 Quod
525 4121 646 4176 Mallium
659 4121 784 4174 Theodo·
829 4123 884 4175 haee
902 4135 953 4183 est,
972 4120 1045 4193 quod
1063 4141 1118 4176 non
1139 4124 1207 4175 bene
1224 4121 1256 4175 de
1275 4141 1340 4176 ver-
