3034 4900
285 503 359 590 234
509 505 584 574 CL.
614 505 918 574 CLAUDIANI
945 504 1109 571 XXXV.

282 637 417 725 Delius,
435 638 524 706 bunc
543 637 648 706 fracta
665 637 845 732 Cephissus
860 636 1020 705 arundine
1039 634 1140 730 luget.

335 746 465 813 AEstuat
481 759 557 812 ante
575 743 653 814 alias
671 744 768 815 avido
786 744 917 813 fervore
934 741 1064 838 legendi

283 850 460 944 Frugiferae
477 876 551 944 spes
567 875 633 920 una
651 851 753 920 Deae:
770 876 859 920 nunc
876 852 998 919 vimine
1014 863 1104 918 texto

283 957 441 1027 Ridentes
459 956 607 1027 calathos
624 956 735 1052 spoliis
752 957 936 1054 agrestibus
955 954 1091 1050 implet3

283 1067 383 1134 Nunc
401 1067 503 1134 sociat
521 1065 636 1150 flores,
654 1089 789 1159 seseque
808 1067 923 1160 ignara
940 1077 1096 1148 coronat,
1312 1094 1351 1137 ,ιο

282 1172 467 1264 Augurium
487 1169 585 1239 fatale
603 1175 676 1239 tori.
695 1171 788 1259 Quin
804 1172 875 1266 ipsa
892 1169 1049 1238 tubarum

282 1279 527 1372 Armorumque
546 1292 681 1371 potens,
698 1277 867 1363 dextram,
887 1300 953 1371 qua
970 1275 1069 1345 fortia
1087 1273 1200 1343 turbat

282 1385 440 1476 Agmina,
459 1407 525 1477 qua
539 1383 672 1453 stabiles
687 1400 800 1478 portas
818 1398 852 1453 et
868 1383 991 1453 moenia
1007 1381 1117 1470 vellit,

281 1492 356 1556 Jam
375 1488 501 1559 levibus
520 1489 608 1558 laxat
625 1491 757 1577 studiis,
774 1491 969 1584 hastamque
987 1490 1135 1585 reponit,

281 1593 490 1689 Insolitisque
504 1595 604 1666 docet
620 1595 747 1692 galeam
764 1600 937 1667 mitescere
954 1599 1058 1665 sertis.

280 1703 435 1771 Ferratus
455 1702 583 1773 lascivit
599 1727 703 1798 apex,
721 1705 906 1798 horrorque
924 1705 1059 1772 recessit

282 1809 440 1896 Martius,
459 1825 492 1879 et
510 1813 615 1878 cristae
633 1825 751 1904 pacato
768 1809 899 1905 fulgure
917 1824 1068 1878 vernant.

282 1913 370 2000 Nec,
388 1941 461 2008 quae
476 1915 692 1985 Parthenium
710 1917 851 1986 canibus
868 1919 1037 1986 scrutatur
1057 1913 1219 2000 odorem,

282 2021 468 2116 Aspernata
485 2024 621 2104 choros,
640 2021 891 2118 libertatemque
912 2046 1084 2092 comarum

281 2128 407 2222 Injecta
425 2144 555 2200 tantum
573 2128 679 2198 voluit
697 2130 828 2199 frenare
845 2153 979 2200 corona.

335 2235 426 2305 Talia
444 2239 594 2332 virgineo
609 2239 728 2331 passim
748 2238 829 2307 dum
846 2263 939 2307 more
957 2249 1135 2330 geruntur,

283 2344 369 2412 Ecce
386 2368 505 2437 repens
524 2347 652 2438 mugire
669 2344 797 2438 fragor,
815 2344 997 2438 confligere
1018 2358 1143 2426 turres,

282 2518 428 2573 obscuratis
438 2538 494 2591 pre
505 2538 618 2573 moerore
630 2518 712 2573 radiis
726 2516 794 2582 (rid.
838 2532 901 2571 stam
916 2530 942 2572 et
954 2518 1051 2588 galeam
1061 2514 1189 2567 Minerva
1198 2510 1288 2562 omnia
1299 2529 1359 2560 mo-

283 2600 422 2664 XXVIII,
446 2592 499 2669 ar)
522 2600 594 2671 luget
612 2599 796 2669 Hyacinthum
839 2610 966 2651 numento
981 2596 1113 2648 tribuunt.

281 2698 358 2731 suurn
369 2680 467 2752 Apollo
477 2681 538 2733 Deli
548 2692 640 2743 natus3
651 2679 795 2750 Cepbisana
882 2678 947 2741 145.
963 2675 1067 2729 Galeam
1078 2676 1216 2723 mitescere:
1227 2666 1300 2739 galea
1311 2684 1356 2719 or·

280 2772 369 2810 autern
388 2778 465 2811 sunm
485 2760 572 2812 lilium
592 2760 674 2812 fracta
694 2777 795 2812 corona
838 2769 903 2809 nata
913 2768 953 2808 est
963 2754 1075 2807 floribus
1090 2764 1144 2804 tam
1158 2748 1303 2814 suavibus,
1322 2758 1356 2800 ut

281 2836 441 2901 arundinea,
458 2856 539 2909 quam
558 2838 621 2892 dare
636 2838 724 2891 solent
742 2837 794 2891 flu·
837 2837 895 2907 ipsa
909 2834 1002 2889 edocta
1015 2831 1138 2886 rideatur
1151 2848 1207 2882 esse
1219 2827 1319 2879 mitior.

279 2916 347 2981 viis,
360 2931 391 2971 ut
407 2918 505 2970 Noster
514 2918 644 2971 Tiberino
659 2918 747 2989 patri,
761 2920 793 2980 1,
882 2918 945 2979 146.
965 2914 1083 2968 nemea
1099 2912 1195 2963 lascivit
1206 2926 1290 2979 aper,⁸
1303 2905 1355 2958 flo-

285 3014 349 3067 ²¹7·
363 2996 432 3051 Add.
444 2996 584 3059 XXVIII,
601 2998 665 3051 163.
837 2994 1028 3049 resinvertice
1039 2992 1225 3064 galee,vento
1238 2986 1355 3057 aginta,

324 3080 387 3149 139.
405 3078 521 3131 Calatinos
540 3076 729 3143 lanificarum,
747 3075 795 3130 sed
838 3074 964 3128 blandius
983 3085 1141 3135 morentur,
1156 3070 1248 3142 sicque
1261 3064 1355 3119 ludere

279 3156 352 3212 idem
364 3160 507 3231 proprium
519 3176 564 3210 ras
577 3157 605 3209 in
614 3156 794 3210 instrumento
838 3167 918 3228 atque
925 3153 1048 3208 lascivire
1058 3151 1195 3205 videntur.
1206 3181 1247 3190 -
1258 3147 1356 3199 Horror

281 3238 401 3305 Cereris,
415 3240 479 3292 etin
496 3238 575 3291 sacris
587 3236 659 3291 illius
672 3235 795 3290 adhiberi
839 3236 970 3297 Martiam·
998 3230 1188 3286 formidolosus
1215 3226 1355 3298 adspectus

278 3319 387 3371 solitum
411 3319 546 3381 illustrat,
572 3329 599 3370 et
619 3314 793 3389 spectandum
838 3314 953 3369 Palladis
964 3314 1080 3366 recessit.

280 3398 389 3451 exbibet
404 3399 505 3469 Spanh.
516 3396 550 3451 ad
562 3398 666 3452 Cellim.
681 3418 709 3470 p.
726 3397 794 3451 65².
882 3399 949 3460 148.
961 3394 1121 3447 Parthenium
1134 3402 1252 3443 montem
1267 3400 1295 3442 et
1306 3404 1355 3439 ne·

322 3484 386 3543 140.
403 3478 500 3531 Corona
518 3495 597 3531 omen
613 3491 639 3533 et
652 3479 795 3550 augurium
838 3496 898 3529 mue
909 3472 1031 3529 Arcadia
1041 3471 1142 3525 indicat
1151 3511 1159 3534 ,
1169 3468 1356 3522 venationibus

278 3558 354 3630 regni
365 3558 610 3629 interornm‚quod
619 3561 669 3612 hac
679 3558 737 3631 ipsa
748 3576 794 3611 ex·
839 3568 1038 3628 opportunum,
1049 3552 1095 3606 hic
1105 3564 1133 3604 et
1144 3551 1229 3617 infra,
1240 3568 1267 3602 v.
1282 3554 1335 3611 atr
1347 3566 1356 3612 ς

277 3639 403 3693 cursione
424 3640 589 3711 parabatur,
611 3638 659 3693 aed
680 3640 795 3710 ignaru,
844 3635 1292 3682 ...ruuniomnnmtmnamtw

279 3720 453 3793 Proserpina.
839 3727 880 3769 est
889 3714 966 3785 Virg.
976 3713 1034 3766 Ecl.
1047 3713 1090 3777 X,
1109 3710 1156 3781 57.

322 3808 386 3864 141.
405 3797 551 3872 Splendida
568 3798 696 3852 Minerva
712 3798 794 3853 armi-
883 3801 948 3863 149.
969 3794 1114 3845 Libertatem
1130 3806 1250 3840 comarum
1264 3784 1357 3837 Diana

279 3882 396 3949 potentis
409 3893 436 3933 et
446 3880 547 3933 bellice
564 3878 726 3949 descriptio,
748 3878 795 3931 cui
840 3874 986 3930 venatricis
1011 3872 1126 3924 illustrat
1151 3864 1302 3920 landandus
1329 3862 1357 3913 in

279 3958 359 4012 etiam
376 3964 447 4014 tubae
463 3962 582 4015 inventio
595 3960 721 4013 attributa
737 3969 795 4023 eat,
839 3956 891 4008 boc
904 3972 987 4025 opere
998 3970 1068 4023 saepe
1083 3949 1184 4021 Spanh.
1199 3945 1234 3999 ad
1249 3942 1356 3999 callim.

279 4038 345 4109 quin
355 4041 411 4110 ipsa
424 4040 486 4093 inde
497 4042 609 4111 Σάλπιγξ
621 4038 692 4093 dicta
703 4051 730 4091 et
742 4038 795 4090 boc
839 4056 868 4107 p.
881 4039 946 4086 660.
1234 4100 1235 4103 Ἰ

280 4120 388 4172 nomine
399 4119 469 4172 culta
477 4122 549 4191 apud
558 4121 670 4192 Argivos
678 4160 687 4184 ,
696 4138 748 4190 qua
758 4117 794 4171 de
881 4116 944 4167 152.
959 4116 1041 4166 Terroe
1052 4123 1128 4162 motus
1137 4107 1236 4170 brevia,
1243 4100 1290 4156 sed
1302 4114 1357 4153 ter-

279 4216 308 4249 rc
328 4200 427 4253 Potter.
443 4198 476 4253 ad
491 4202 627 4272 Lycophr.
648 4200 716 4268 915.
735 4200 792 4251 Ha·
837 4196 922 4249 ribilis
934 4191 1086 4261 descriptio.
