3034 4900
487 448 812 595 nunninus
838 475 977 543 νινε.
1093 562 1097 576 .
1189 474 1264 560 403

198 627 276 647 m
288 626 946 647 ἊἊΜΜΜΜΜΜΜΜΜ
950 626 1269 663 mam-”mmm

665 798 802 867 XCVI.

481 988 589 1043 vat.
615 994 681 1041 urz
701 994 782 1043 ron
801 984 998 1043 rorum

223 1050 239 1081 ἲ

203 1096 264 1217 Ω
282 1152 375 1244 πυρὸς
393 1146 512 1219 dodau
533 1153 628 1243 σοφὴν
647 1142 743 1217 ὠδῖνα
761 1150 938 1243 φυλάσσων,

201 1244 374 1351 Ἐμὸεὸαἱυς
395 1257 520 1349 κόσμοιο
540 1246 756 1331 ταλινδίνητον
777 1255 930 1352 ἀνάγκην,

201 1363 302 1456 xpel
322 1361 493 1456 θεοῤῥήτοεο
513 1363 580 1447 βίου
598 1354 717 1453 punior
733 1367 834 1459 πηγὴ,

204 1470 330 1563 ῙΙατρὸς
349 1468 539 1561 ἀσημάντοιο
559 1468 627 1536 θεοῦ
649 1470 848 1562 πρωτοσπόρε
872 1472 972 1562 φωνὴ,
1027 1498 1037 1517 ν

204 1552 251 1653 ὸς
271 1575 353 1669 μέγα
372 1578 521 1667 μητρῴων
539 1584 673 1643 τοκετῶν
692 1577 845 1668 ἐγκύμονα
864 1578 992 1669 φόρτον,
1096 1654 1102 1661 ,

203 1680 269 1748 Καὶ
288 1681 376 1773 γόνον
397 1682 601 1757 αὐτοτελεςον
624 1682 819 1772 οἱνυμφεύτων
838 1680 983 1774 ὑμεναίων

204 1787 343 1869 Most,
362 1785 505 1877 οἷσσυρίης
522 1797 624 1880 γενεῆς
645 1788 826 1879 έτερόφρυνα
840 1788 974 1871 λύσσαν,

204 1871 307 1987 (lp-pst
326 1884 357 1959 δ’
378 1884 511 1959 εἰδώλων
529 1899 637 1959 κενεῶν
659 1884 844 1986 ψευδώνυμοι
860 1894 970 1971 λύσας,

245 2064 323 2126 'llos
333 2071 471 2126 christiani
480 2072 714 2136 hominisversus,
758 2072 858 2124 tionem
874 2072 1010 2136 orunium,
1023 2070 1096 2144 qnod
1109 2092 1143 2129 ex
1159 2075 1267 2147 antiqu

204 2164 314 2206 moneta
327 2150 439 2223 quidem
453 2151 546 2205 Nonni
558 2168 714 2223 percussos,
757 2150 1264 2226 pbilosophisHeraclitionassumptum:

205 2233 299 2285 nescio
323 2230 395 2285 uude
420 2244 541 2302 acceptos
561 2230 670 2297 Grseoe,
684 2244 715 2284 ut
757 2230 821 2283 bino
838 2232 930 2284 tribuit
948 2232 988 2284 illi
1007 2226 1086 2286 ὠδῖνα
1101 2237 1191 2304 σοφὴν,
1207 2252 1263 2286 non

205 2312 253 2365 hic
265 2322 344 2377 sunt,
359 2309 434 2364 dedit
444 2310 569 2364 Heinsius
578 2328 587 2376 ς
597 2329 665 2383 quos
678 2310 715 2362 its
757 2309 877 2363 dolorem
883 2311 1005 2381 proiecto
1010 2324 1111 2383 partus,
1116 2311 1263 2384 sedipsam,
1323 2322 1328 2334 ‘

143 2425 147 2429 -
205 2392 330 2445 converti
352 2390 510 2443 adverbum
530 2408 607 2462 posse
630 2400 713 2461 puto:
757 2388 862 2462 siquid
879 2388 978 2457 video,
992 2391 1136 2463 generandi
1156 2393 1264 2448 facolta-

209 2499 221 2519 ι
236 2471 262 2523 0
277 2484 303 2524 tu
315 2473 361 2543 qni
376 2471 469 2525 aterni
481 2471 551 2542 ignis
568 2469 714 2541 sapientem
756 2481 827 2533 tem,
844 2471 1016 2540 gubernatam
1028 2472 1164 2544 sapientia.

206 2549 399 2605 fecunditatem
415 2549 548 2614 custodis,
561 2551 610 2621 qui
623 2554 717 2619 wigo
799 2549 825 2627 ⁵:
846 2552 921 2620 Μέγα
937 2551 989 2604 hoo
1009 2552 1096 2605 refero
1115 2551 1148 2605 sd
1164 2551 1261 2613 Στῆσεες

207 2635 287 2684 instar
305 2631 437 2702 gubernas
456 2630 600 2683 volubilem
622 2627 717 2682 muudi
757 2648 784 2682 v.
798 2647 826 2699 7.
840 2627 936 2682 valide
953 2631 1105 2698 coustituit,
1119 2632 1261 2697 stabilivit,

207 2711 409 2773 necessitatem,
423 2711 549 2773 Christe,
563 2709 648 2763 vitrea
658 2711 716 2762 Deo
757 2706 922 2762 credendum
945 2711 1034 2780 generi
1056 2711 1173 2763 humano
1192 2729 1264 2764 oom-

207 2791 346 2863 promissso
357 2791 416 2843 fons
425 2791 545 2855 vivifioe,
555 2787 639 2842 Patris
650 2789 718 2841 inel—
756 2787 892 2842 mondavit
906 2798 1013 2860 partum
1025 2790 1181 2844 mirabilem.

207 2870 298 2924 fabilis
318 2871 368 2930 Dei
382 2888 450 2935 vox,
465 2888 524 2941 quse
541 2869 660 2940 primum
674 2886 716 2920 se·
799 2859 1267 2941 6.Ᾰνυμφειἐτωνὑμεναίων,νηυενε“υευ-

208 2948 323 3003 minavit
332 2950 420 3001 omnia
432 2967 439 3002 ε
449 2945 490 3014 (5)
500 2947 554 3014 Qui
566 2946 652 3002 solido
663 2966 717 3000 ms·
757 2951 794 3000 nii
807 2951 925 3018 uirginei5
937 2949 1022 3019 Virgo
1035 2950 1123 3015 enirn,
1140 2949 1203 3003 licet
1217 2951 1265 3002 lra-

209 3041 483 3099 ternorumpartuum
492 3025 629 3100 gravidum
639 3046 718 3094 onus,
758 3027 1265 3101 bueritJosephumooujugem,«virum

209 3109 246 3162 Et
267 3109 351 3161 letum
371 3127 386 3161 a
401 3109 487 3181 seipso
501 3108 649 3179 perfectum
665 3125 717 3158 nu·
757 3125 813 3160 nou
824 3108 1028 3176 cognoscebsts.

209 3188 330 3262 ptiarum
343 3206 442 3260 sponso
452 3187 601 3242 carentium
615 3187 720 3239 Consti·
802 3205 829 3256 7.
841 3187 970 3256 Assyrium
983 3199 1010 3238 et
1023 3185 1120 3258 Syrium
1135 3199 1265 3258 perpetuo

210 3282 305 3332 tuens,
316 3268 429 3336 Assyrio
439 3279 523 3319 couno
530 3286 560 3317 ea
570 3266 718 3338 generatio·
759 3266 815 3318 sere
824 3263 965 3322 confundi,
980 3278 1007 3318 et
1016 3267 1113 3336 Syriam
1125 3267 1202 3318 Deam
1212 3285 1267 3320 esse

211 3348 256 3401 nis
275 3346 376 3422 (Syrioe
392 3349 454 3400 Deoe
473 3360 498 3398 et
517 3366 611 3416 magna
629 3345 718 3399 Matris
759 3345 867 3397 Deorum
877 3345 992 3407 Ματκυε,
1007 3357 1127 3399 constrtz
1140 3359 1166 3400 et
1174 3345 1267 3418 primis

212 3427 312 3486 Detur)
323 3427 718 3492 alienatisensuslurorem,At·
760 3423 918 3478 Christianos
935 3425 1071 3496 religionis
1088 3425 1188 3479 snoulis
1200 3425 1268 3479 illud

211 3525 267 3579 que
278 3506 351 3578 orgis
363 3505 499 3560 idolorum
515 3524 644 3559 vanorum
653 3505 719 3558 iulso
760 3522 842 3574 genus
858 3503 966 3556 furiose
980 3505 1175 3575 superstitionis
1189 3507 1268 3576 plano

212 3585 324 3640 nomine
339 3586 470 3640 oelebrsts
483 3584 642 3651 dissolvens,
655 3584 720 3639 celi
760 3601 874 3654 regnum
894 3581 1030 3654 quoddam
1049 3583 1212 3650 obtinuisse,
1230 3585 1269 3637 fa-

212 3666 331 3720 balteum
348 3677 448 3737 septem
464 3665 539 3719 zonis
557 3677 721 3718 consttutem
762 3663 814 3716 cile
833 3661 1009 3716 demonstrari
1023 3675 1120 3734 posset.
1143 3661 1195 3716 Sed
1210 3682 1270 3718 ver·

212 3743 390 3800 conscendisti
403 3734 466 3815 (so)
482 3745 612 3816 Angeliois
623 3743 672 3798 ulis
680 3744 722 3796 in·
763 3761 853 3796 samur
864 3742 893 3794 in
907 3743 1038 3813 Parergo:
1053 3741 1106 3794 hoo
1121 3743 1195 3795 enim
1213 3761 1271 3796 osr-

213 3825 366 3878 effabilibus
373 3823 722 3890 insidens,subveetus‚·Pro·
764 3840 839 3886 meu,
853 3821 913 3892 quia
926 3839 982 3873 nou
994 3833 1034 3873 est
1048 3819 1201 3886 Claudiani,
1214 3841 1271 3875 non
1352 3819 1355 3828 '

211 3905 298 3978 pitius
311 3918 383 3964 esto,
396 3905 523 3976 genitoris
536 3904 658 3957 omnium
673 3902 724 3955 nei
764 3900 892 3954 debemus
906 3900 1060 3952 lectoribus.
1080 3899 1134 3965 Qui
1150 3901 1271 3955 Daleniu-

213 3983 365 4038 venerande
378 3985 480 4050 vultus,
490 3985 585 4038 Custos
595 3983 668 4046 vitro,
676 3982 725 4034 sal·
766 3999 827 4034 narn
838 3978 872 4034 de
880 3977 1050 4032 Tauroboliis
1061 3977 1273 4035 dissertationem

211 4062 696 4133 vatorbominum,saeculoimperans.
709 4085 721 4108 ι
766 4061 853 4131 legere
866 4060 999 4124 voluerit,
1015 4057 1048 4110 sd
1062 4061 1170 4132 vestigio
1185 4059 1219 4114 de
1231 4061 1273 4113 bis

257 4163 280 4197 ε.
297 4145 357 4216 igni
380 4157 480 4198 aterno
504 4141 598 4196 tribuit
620 4159 726 4212 genera·
767 4141 847 4194 rebus
860 4135 995 4210 quarendi
1004 4136 1165 4193 deducetur.

1055 4235 1121 4308 26²
