3034 4900
315 473 386 542 DE
414 471 592 566 RAPTU'
615 471 865 542 PROSERP.
893 472 989 541 LIB.
1017 474 1045 542 1.
1139 471 1213 545 205

142 609 258 698 Quam
278 630 339 674 nos
357 601 562 699 prretulimus
579 602 660 672 caelo
679 631 687 672 ε
707 604 769 672 tibi
786 603 906 699 gaudia
923 607 1029 676 nostri

143 713 341 807 Sanguinis,
361 726 395 780 et
413 733 506 780 caros
524 711 609 779 uteri
627 709 826 780 commendo
844 709 984 780 labores.
1070 728 1073 735 '

142 821 288 890 Praemia
304 817 404 912 digna
421 831 575 886 manent:
595 815 703 886 nullos
720 818 845 911 patiere
862 815 1007 912 ligones,

141 929 189 997 Et
209 923 303 994 nullo
321 924 418 1019 rigidi
439 922 614 992 versabere
635 924 778 992 vomeris
795 925 875 992 ictu.

141 1035 274 1128 Sponte
293 1045 370 1100 tuus
389 1028 518 1100 florebit
536 1053 630 1124 ager:
651 1044 800 1099 cessante
813 1030 959 1122 juvenco

143 1141 262 1208 Ditior
279 1135 405 1206 oblutus
427 1135 600 1205 mirabitur
617 1134 724 1207 incola
743 1159 906 1206 messes.»

199 1246 259 1314 Sic
279 1245 343 1332 ait,
362 1257 396 1312 et
412 1242 511 1312 fulvis
529 1239 736 1338 serpentibus
753 1244 862 1336 attigit
877 1242 970 1312 Iden.

143 1351 211 1420 Hic
233 1349 321 1418 aedes
338 1365 477 1445 augusta
495 1351 592 1435 Deus,
611 1347 790 1446 templique
809 1348 938 1418 colendi

143 1454 328 1550 Belligiosa
346 1453 443 1544 silex,
462 1455 572 1525 densis
589 1479 689 1549 qutun
708 1455 807 1551 pinus
824 1471 944 1549 opacat

145 1561 355 1650 Frondibus‚
374 1576 428 1650 et,
446 1559 537 1630 nulla
555 1560 647 1631 lucos
665 1563 810 1657 agitante
830 1559 995 1655 procelle,

146 1667 295 1738 Stridula
316 1667 469 1738 coniferis
491 1666 680 1738 modulatur
701 1670 849 1737 carmina
866 1671 976 1738 ramis.

147 1773 328 1844 Terribiles
346 1777 435 1844 intus
454 1774 571 1858 thiasi,
587 1797 775 1870 vesanaque
791 1775 889 1844 misto

149 2003 271 2058 numque
283 1985 343 2038 vele
355 2011 380 2039 ι.
395 1985 461 2038 Vale
473 1983 540 2038 dicit
553 1981 587 2037 sd
600 1997 664 2038 tern-
708 1986 815 2058 potius,
839 1983 913 2056 quod
934 1985 1119 2057 frequentibus
1137 1991 1218 2044 sucri-

149 2083 202 2137 pus
211 2063 323 2136 sliquod
332 2064 429 2118 Sicilia
437 2083 490 2120 suu
500 2065 591 2118 Ceres.
707 2065 777 2119 ficiis
784 2065 881 2118 lueest.
888 2065 1019 2138 Pleraque
1026 2068 1146 2120 Deorum
1153 2081 1219 2123 tem·

191 2145 666 2215 192.Ligsnes...¹romeris:hncsunt
707 2145 752 2217 pla
768 2163 830 2198 suos
847 2145 983 2198 habebunt
996 2146 1079 2200 lucos.
1095 2179 1136 2192 --
1153 2151 1218 2220 Aga·-

151 2224 332 2279 instrumeuts
350 2226 466 2289 rustica,
480 2225 578 2295 quibus
595 2236 666 2280 terre
709 2237 776 2277 tante
789 2225 899 2295 procella
919 2225 1031 2278 stridula.
1045 2227 1116 2279 Vult
1135 2228 1216 2281 Poeta

151 2303 398 2376 invertiturzstque
408 2304 539 2358 beneficio
551 2305 664 2367 Cereris,
708 2304 851 2377 hujusluci
863 2306 971 2358 arbores
981 2323 1066 2376 perse
1076 2307 1132 2360 leni
1141 2321 1217 2361 motu

153 2381 213 2436 sine
234 2383 277 2436 his
301 2383 389 2438 Sicilia
411 2397 519 2457 sponte,
541 2403 587 2438 seu
606 2385 666 2438 ebs·
710 2385 786 2457 qussi
796 2383 928 2438 divinitus
938 2385 1218 2458 impelli,etemittere

155 2481 209 2535 que
220 2464 276 2517 ullo
289 2465 363 2520 cultu
377 2478 405 2519 et
419 2466 477 2518 sine
490 2484 554 2519 cure
566 2465 667 2537 egrico·
709 2484 789 2519 sonos
804 2464 934 2536 quosdam
950 2478 1060 2532 acutos,
1074 2486 1131 2521 non
1146 2470 1218 2541 inju-

153 2542 258 2609 lurum,
280 2544 428 2599 abundabit
445 2545 575 2616 frugibus.
708 2544 831 2612 cundos,
845 2546 893 2617 qni
903 2546 1040 2600 cantilenis
1058 2546 1144 2601 videri
1156 2568 1218 2622 pos·

194 2640 255 2692 199.
268 2624 342 2677 Fulvi
351 2636 468 2696 serpentes
479 2626 513 2677 sb
525 2643 607 2699 aureo
618 2625 668 2680 ful·
708 2625 773 2681 sint.

154 2720 224 2773 gons.
242 2704 287 2758 Ide
302 2704 420 2776 Phrygis
435 2717 492 2772 est,
511 2703 584 2757 uude
597 2702 667 2759 Idus
753 2706 818 2758 203.
840 2706 956 2759 Cautum
975 2705 1118 2776 quemdum
1138 2707 1218 2780 pinni

154 2800 262 2855 quoque
274 2797 360 2838 meter
371 2797 484 2837 vocatur
496 2785 606 2855 Cybele.
710 2785 828 2838 tribuere
837 2786 976 2857 antiquum
987 2798 1035 2839 est.
1043 2787 1219 2855 'l'beocritus‚

193 2864 469 2934 nouitetltgiosastta
478 2864 665 2935 templicolmdr',
710 2866 740 2929 1,
755 2882 783 2928 ι,
806 2891 817 2913 ι
833 2856 888 2919 ddi
903 2886 928 2918 τι
941 2868 970 2918 τὸ
984 2866 1130 2939 ψιθὺριομα,
1148 2868 1189 2921 καὶ
1201 2871 1219 2920 ἁ

153 2960 192 2997 sc.
208 2944 317 3013 angusti
328 2984 336 3009 ‚
351 2957 391 2997 est
405 2944 451 2997 ille
466 2944 533 3015 lapis
543 2982 551 3010 ,
566 2942 600 2997 de
611 2962 668 3016 quo
709 2946 798 3005 πίτυς,
814 2946 900 2998 ulmis
909 2984 918 3011 ,
928 2946 993 3003 τήνω
1003 2936 1026 2999 d
1036 2949 1095 3000 ποτὶ
1105 2952 1162 3009 ταῖς
1172 2969 1222 3001 sru-

153 3020 217 3075 Lir.
226 3022 341 3090 XXIX,
353 3042 385 3076 ιι
396 3041 405 3089 ;
417 3024 537 3089 Attalus,
546 3024 668 3095 Pergami
709 3026 780 3095 γαῖσι
789 3020 934 3095 pstiudsrsu
947 3052 958 3072 ·
972 3025 1061 3097 ‚quod
1069 3028 1106 3080 ita
1118 3040 1222 3081 vertere

154 3118 221 3165 rex,
237 3102 419 3156 Romanorum
434 3103 592 3174 «legatos...
606 3105 668 3156 Pes·
709 3104 806 3167 licent,
822 3105 906 3157 Dulce
918 3123 1057 3170 susurrus,
1072 3120 1099 3159 et
1112 3108 1161 3159 ists
1175 3126 1220 3160 es·

154 3180 298 3233 sinuntern
308 3181 484 3253 inPbrygism
496 3182 620 3248 deduxit,
631 3202 670 3234 su·
710 3202 794 3248 nore,
809 3184 945 3255 caprario,
969 3185 1048 3254 pinus
1069 3184 1112 3238 sd
1133 3187 1220 3239 fontes

154 3280 270 3332 cruraque
284 3260 318 3313 iis
333 3262 450 3331 lapidem,
464 3281 545 3334 quum
558 3276 669 3318 matrem
710 3281 845 3318 monens.
858 3265 944 3317 Debet
955 3263 1035 3336 pinus
1048 3265 1132 3329 Puni,
1146 3263 1220 3338 quod

155 3340 245 3393 Deum
257 3358 315 3393 esre
327 3342 420 3395 ineolsr
433 3342 573 3408 dicebaut,
587 3340 669 3395 trudi·
713 3343 814 3397 musica
832 3356 880 3396 est.
898 3344 1034 3397 Ponsmus
1052 3346 1168 3397 fabulam
1187 3364 1220 3399 ex

156 3417 214 3487 dit,
228 3440 260 3473 sc
272 3420 418 3493 deportare
431 3424 544 3475 Romam
554 3423 631 3495 jussit
644 3448 668 3475 ι.
713 3422 837 3494 Geopon.
848 3423 903 3486 XI,
923 3443 968 3477 ro.
981 3424 1074 3479 Puella
1081 3425 1133 3478 fuit
1146 3426 1221 3498 Pitys

157 3498 253 3553 Silium
273 3520 337 3555 curn
354 3516 447 3555 uostm
463 3514 542 3573 poeto
557 3502 672 3574 appellet
713 3498 825 3567 (πίτυς,
843 3494 943 3574 pinus)
956 3523 964 3557 :
977 3518 1066 3558 emunt
1080 3505 1153 3559 illum
1168 3506 1222 3559 Bo·

157 3580 259 3635 Arnob.
275 3582 333 3643 VI,
352 3600 380 3653 p.
398 3586 465 3651 196:
476 3582 569 3635 llidetr's
630 3602 671 3634 co·
713 3595 808 3636 resset
823 3580 886 3635 Pan.
902 3584 994 3648 Quum
1008 3585 1054 3637 illu
1067 3585 1140 3638 hunc
1153 3604 1221 3656 pro·

158 3656 231 3711 tuisse
246 3699 252 3711 .
265 3700 292 3714 ..
316 3662 485 3715 Pessinuntius
512 3664 602 3716 silicem
624 3682 672 3733 pro
714 3662 812 3725 ferret,
825 3664 923 3716 Boreas
935 3664 1036 3718 furiose
1050 3666 1157 3717 irruens
1174 3682 1222 3735 pe-

157 3736 239 3791 Deua
252 3752 334 3793 matre.
715 3742 843 3796 truillnm
855 3741 948 3797 allidit.
963 3743 1105 3797 Enuscitur
1118 3762 1151 3795 eo
1162 3744 1225 3796 loco

202 3820 362 3873 sonPr'num
376 3822 466 3875 Deum
479 3820 558 3874 metri
572 3839 673 3875 surram
715 3822 796 3894 pinus
819 3823 922 3883 arbor,
945 3840 998 3892 qiu
1021 3823 1077 3876 Pan
1102 3824 1224 3875 coronari

157 3895 239 3951 etiam
261 3900 368 3955 aliunde
388 3912 501 3955 constet.
516 3898 580 3953 Vid.
596 3900 672 3971 Virg.
716 3900 1111 3973 smst‚quaegemitadflrtum
1123 3902 1222 3956 Boreo.

156 3978 221 4029 AEu.
233 3979 284 4045 tx,
296 3978 478 4050 85,etbicsd
489 3980 598 4045 XVIII,
607 3998 672 4051 ²77·
716 3980 915 4051 HincPropert.
926 3982 954 4042 1,
967 3998 1048 4046 nrm,
1057 4000 1103 4046 πο,
1115 3982 1227 4036 Arcadio

198 4058 674 4125 sos.L1oens:lueusdicitur,aut
713 4064 786 4135 pinus
797 4063 874 4113 amica
887 4061 949 4113 Deo.

158 4136 232 4207 quod
242 4158 298 4195 nou
314 4142 424 4205 lucent,
439 4141 476 4193 ob
487 4140 594 4194 umbras
604 4158 612 4205 ;
624 4154 671 4193 sut
757 4146 821 4204 ²⁰4·
842 4140 971 4193 Terribiles
981 4141 1056 4193 thiasi
1064 4155 1175 4213 propter
1185 4142 1229 4194 ln·
