3034 4900
260 435 331 510 136
490 437 564 505 CL.
592 438 879 508 CLAUDIANI
906 440 1099 508 XXVIII.

253 566 404 638 Candida
420 590 492 660 qum
509 568 612 637 Latiis
629 570 779 663 praebent
795 584 944 639 armenta
962 570 1157 665 triumphis,

253 675 369 742 Visere
387 697 468 742 cura
484 671 567 744 fuit:
581 698 642 743 nec
659 688 692 743 te
705 675 864 747 miracula
877 675 976 746 fontis

253 780 478 865 Praetereunt3
497 780 597 849 tacito
612 804 710 875 passu
725 806 828 876 ¹quem
848 783 874 851 si
893 784 965 877 quis
983 781 1110 871 adiret,

250 886 378 955 Ientus
392 899 487 969 erat3
512 886 540 954 si
560 909 640 956 voce
656 885 797 980 gradum
814 887 938 980 majore
950 890 1101 975 uitasset,
1274 913 1312 951 ιω

252 993 437 1060 Commotis
457 990 606 1061 fervebat
619 994 711 1086 aquis
725 1018 733 1061 ε
749 1018 918 1087 quumque
933 994 1085 1064 omnibus
1097 1017 1164 1063 una

250 1098 300 1165 Sit
318 1111 437 1166 natura
458 1096 568 1184 vadis,
584 1097 705 1167 similes
719 1112 758 1166 ut
778 1100 928 1193 corporis
942 1098 1076 1168 umbras

252 1203 460 1287 Ostendant3
477 1203 548 1275 haec
562 1201 631 1273 sola
643 1228 765 1273 novam
777 1205 935 1298 jactantia
953 1218 1075 1273 sortem

250 1310 422 1378 Humanos
442 1322 623 1404 properant
642 1310 764 1378 imitari
778 1310 914 1379 flumina
932 1334 1049 1379 mores.

250 1412 348 1483 Celsa
364 1413 484 1484 dehinc
500 1412 650 1508 patulum
664 1428 879 1511 prospectans
896 1416 1022 1485 Narnia
1037 1438 1190 1509 eampum
1269 1440 1310 1481 ιιι

251 1518 367 1613 Regali
387 1518 533 1590 calcatur
549 1545 658 1614 equo,
678 1523 809 1615 rarique
826 1520 945 1591 coloris

249 1624 328 1693 Non
348 1625 465 1721 procul
482 1627 588 1702 amnis
606 1626 717 1714 abest,
732 1624 808 1695 urbi
821 1628 877 1721 qui
892 1628 1033 1697 nominis
1047 1639 1179 1709 auctor,

249 1728 329 1801 llice
350 1732 411 1800 sub
429 1730 532 1801 densa
552 1730 641 1801 silvis
658 1746 804 1803 arctatus
825 1734 953 1827 opacis,

248 1836 342 1911 Inter
357 1851 534 1931 utrumque
549 1838 666 1932 jugum
689 1839 784 1908 tortis
805 1838 1008 1907 anfractibus
1022 1837 1118 1907 albet.

302 1942 410 2030 Inde,
431 1941 570 2012 salutato
591 1942 699 2013 libatis
711 1944 844 2013 Tibride
867 1942 1026 2038 lymphis,
1272 1969 1309 2008 r..

251 2125 339 2165 turem
353 2110 479 2172 desmibit
493 2112 563 2167 Plin.
577 2110 662 2183 Epist.
676 2112 758 2178 vul,
803 2111 1086 2177 minia,inmontibus
1095 2111 1194 2183 posits,
1208 2113 1310 2166 cuino·
1362 2152 1365 2159 .

253 2195 290 2257 8,
304 2191 352 2244 ubi
373 2190 493 2263 qussdsm
511 2189 663 2245 illustrandi
682 2210 759 2245 cause
802 2210 865 2244 men
876 2188 1072 2245 dedissulrures
1081 2191 1136 2244 Nar
1146 2192 1220 2245 albus
1234 2210 1309 2263 equs.

253 2284 314 2325 ente
333 2271 383 2325 hos
403 2289 437 2325 xx
456 2289 539 2324 annos
557 2269 693 2341 adscripsi.
708 2268 760 2323 Sed
803 2270 900 2323 In'boc
911 2283 998 2325 tractu
1007 2269 1120 2324 cadente
1132 2271 1236 2342 pluvis,
1249 2274 1309 2344 pul-

252 2351 342 2404 omnis
361 2350 466 2420 collegit
482 2350 588 2404 Cluser.
603 2350 647 2414 Π,
665 2369 716 2413 ιο,
730 2369 758 2421 p.
802 2350 843 2403 vis
862 2350 999 2403 excitatur.
1014 2350 1135 2403 Plinius:
1156 2378 1167 2397 ι
1184 2348 1310 2415 Quodam

252 2448 306 2502 7⁰¹
330 2448 369 2500 sq.
389 2428 482 2499 Neque
497 2440 585 2482 tumen
597 2428 659 2495 ille,
673 2446 760 2500 neque
804 2441 879 2483 terrm
891 2430 1024 2483 imbribus
1039 2428 1159 2483 sicciores
1168 2429 1252 2492 liunt,
1264 2450 1309 2485 ve·

253 2509 392 2581 quisquam
412 2506 445 2560 ad
463 2507 491 2559 h.
506 2508 524 2560 l.
542 2506 656 2572 docent,
671 2507 758 2578 quod·
803 2508 844 2562 lut
854 2509 883 2561 in
896 2510 1036 2563 Narniensi
1050 2527 1112 2580 egro
1124 2527 1131 2560 :
1143 2507 1215 2580 quod
1228 2508 1309 2562 admi·

253 2608 316 2643 nam
329 2585 486 2641 miraculum
501 2587 546 2640 hic
564 2599 653 2640 narret
671 2601 759 2657 poeta
802 2585 892 2642 randis
905 2591 959 2642 suis
972 2589 1080 2642 inseruit
1090 2589 1128 2640 Μ.
1141 2587 1246 2652 Cicero,
1257 2590 1308 2641 sic-

253 2669 346 2722 Dicem
353 2665 441 2738 ,quid
451 2685 501 2719 nos
512 2666 657 2737 intelligere
666 2666 758 2719 solue
803 2668 881 2720 citata
906 2668 991 2722 lutum
1010 2668 1068 2721 fieri
1090 2665 1206 2738 prodens
1222 2667 1309 2721 imbre

250 2747 295 2800 rit
308 2747 408 2798 Utrum
417 2764 509 2797 verum
517 2745 678 2811 narraverit,
687 2744 759 2799 haud
803 2747 981 2818 pulverem.

252 2824 374 2878 dixerim
388 2823 416 2875 Si
428 2823 488 2893 quis
500 2821 534 2875 sd
549 2825 710 2877 Clitumm
688 2843 759 2895 ripas
844 2826 909 2880 516.
925 2827 1038 2894 Sulsurea
1052 2826 1185 2879 Naralbus
1194 2846 1257 2898 aqua
1266 2825 1308 2879 di-

252 2905 305 2956 iret
330 2899 434 2974 placide
457 2914 485 2954 et
508 2902 594 2955 tacitis
617 2903 759 2973 passibus,
802 2904 1015 2978 citurVirgilio,
1029 2909 1089 2958 AEn.
1104 2906 1158 2958 VII
1166 2906 1258 2975 „517
1273 2905 1308 2960 ad

253 2984 342 3035 lentus
356 2993 383 3035 et
396 2981 452 3052 ipse
470 2981 546 3035 ibat.
562 2978 609 3034 sed
626 3001 649 3035 sr
641 2982 759 3035 ‘accele-
805 3002 885 3055 quem
897 2986 985 3038 locum
998 2983 1051 3038 vid.
1065 2986 1175 3036 omnino
1191 2985 1306 3039 Servius.

252 3075 323 3117 reret
333 3059 445 3133 gradum
455 3060 554 3129 viator,
563 3072 591 3113 et
600 3079 660 3114 cum
670 3060 760 3115 sonitu
804 3063 906 3136 Nempe
918 3063 952 3118 ad
963 3063 1072 3118 odorem
1082 3066 1199 3134 pertinet
1210 3065 1308 3128 sulfur,

253 3139 371 3214 quodam
393 3153 420 3193 et
442 3141 555 3212 strepitu
573 3153 758 3212 procurreret,
803 3155 834 3194 ut
857 3142 928 3215 apud
947 3143 1090 3208 Nostrum,
1113 3145 1145 3206 Ι,
1168 3143 1221 3198 256
1233 3183 1240 3210 ,
1254 3145 1312 3198 Nar

252 3221 352 3275 fluvius
360 3219 432 3274 velut
441 3220 593 3276 imitaturus
604 3231 649 3273 sut
658 3221 761 3275 romula·
802 3225 905 3274 vitiatus
917 3223 992 3275 odoro
1005 3224 1116 3290 Salsure,
1128 3241 1163 3276 ne
1176 3225 1234 3294 quis
1248 3241 1308 3276 cum

252 3312 329 3352 turus
350 3297 417 3352 adeo
436 3300 633 3364 ambulantem,
652 3312 678 3352 et
697 3317 760 3352 cum
803 3302 912 3356 Burtbio
934 3301 968 3355 ad
986 3304 1106 3355 colorem
1127 3301 1308 3356 florescentem

251 3379 299 3431 illo
314 3390 483 3442 certaturus,
496 3383 615 3432 commotis
628 3389 655 3431 et
668 3381 759 3432 conci·
802 3381 907 3434 reserat.
920 3381 1013 3434 Statim
1025 3382 1160 3434 Nostros.
1174 3380 1228 3448 519
1244 3381 1309 3431 albet

252 3457 391 3526 tetisaqurs
404 3457 571 3524 suisservebat
584 3448 658 3528 (qno
673 3459 757 3511 verbo
801 3459 845 3513 luc
857 3459 953 3511 fluvius
962 3479 1030 3531 ,qur
1023 3459 1137 3512 Tiberi
1148 3457 1306 3512 infunditur

252 3548 279 3589 et
289 3535 449 3598 celeritatem
463 3549 565 3591 auctam
576 3537 757 3590 etsonumin·
800 3538 900 3590 -Pro
907 3542 1016 3611 rarique,
1028 3537 1305 3618 dnoalbr'quebabent‚

252 3611 348 3681 dicet),
360 3627 390 3666 ut
404 3610 470 3665 sdeo
481 3632 539 3666 non
557 3615 662 3666 umbram
675 3615 756 3669 modo
800 3629 827 3669 et
836 3635 886 3688 pro
895 3619 996 3679 coloris
1008 3635 1077 3670 unus
1086 3617 1172 3668 colom

249 3693 428 3766 simaginem
441 3711 597 3764 corporum,
607 3693 756 3748 utaliaflu-
841 3696 906 3748 520.
921 3696 1048 3748 Salutatur
1058 3709 1084 3748 et
1096 3679 1235 3761 adoretur
1247 3715 1309 3750 rer·

250 3774 335 3840 mina,
344 3775 472 3836 referret,
482 3771 605 3825 sednova
617 3787 687 3826 sorte
698 3776 755 3845 glo-
799 3776 835 3827 bo
842 3791 952 3844 proprie
963 3787 1082 3844 sumpto
1093 3773 1190 3828 fluvius
1195 3776 1309 3849 ,silpn-

250 3851 314 3905 riari
324 3865 412 3924 posset
422 3865 449 3905 et
458 3864 553 3905 natura
567 3851 617 3906 sibi
631 3853 754 3924 proprie,
795 3854 852 3924 plur
858 3852 928 3904 illius
940 3873 960 3904 s
974 3869 1049 3923 aquas
1058 3853 1175 3908 libentur
1183 3867 1308 3926 ‚gusten-

248 3931 372 3984 imitandi
394 3933 473 3986 etiam
494 3932 611 3985 actiones
630 3944 658 3984 et
679 3951 753 3984 mores
798 3945 841 3984 tur
848 3930 940 4001 ,quod
953 3931 1044 3986 iecisse
1058 3933 1179 3988 homines
1198 3934 1232 3988 sd
1249 3935 1306 4005 pri·

248 4003 752 4103 (quisuntinnctionibuslhorninum.
797 4029 870 4064 mum
889 4029 1043 4078 acccmum,
1062 4009 1135 4068 velut
1154 4011 1305 4086 auspicandi

289 4087 355 4144 515.
370 4089 491 4153 Narnia,
503 4093 590 4144 urbs
582 4111 610 4145 ιιι
631 4091 673 4144 ria
693 4092 752 4145 Fle-
797 4109 890 4156 causa,
905 4091 1042 4148 videntur.
