3034 4900
505 462 955 560 crclnromscum.
1188 427 1263 558 299

192 621 1264 646 mummmmfflmmmmm

616 821 841 890 XXXVIII.

642 1013 821 1038 n*—

355 1142 521 1234 ne'c‘rn
546 1189 716 1236 vannum
742 1189 804 1236 sic
829 1189 1104 1236 ratusranas.

543 1346 914 1382 -ιθοῦ--ῃ

199 1459 375 1585 Crrnis
396 1533 504 1603 neque
522 1507 625 1577 telum
639 1508 784 1597 ferebat,
801 1534 908 1604 neque
923 1535 1038 1598 arma3
1059 1511 1118 1580 sed
1132 1512 1267 1606 gerebat

198 1617 416 1685 Venustatem
429 1640 437 1682 ε
452 1639 554 1709 quum
572 1617 660 1683 enim
677 1618 711 1684 in
729 1615 833 1686 oculis
850 1617 1012 1711 posuisset
1024 1617 1265 1712 exploratorem

778 1723 925 1808 radium,

196 1827 345 1896 Primum
360 1826 515 1896 confusas
531 1850 594 1896 acu
607 1829 847 1899 discriminavit
859 1854 989 1918 comas,

196 1936 240 2002 Et
254 1932 390 2028 plexiles
405 1932 508 2002 denso
523 1935 736 2005 circumflexu
754 1951 887 2006 catenas
902 1938 1113 2025 constrinxit,

197 2042 247 2108 Ac
264 2038 439 2133 splendore
457 2040 613 2112 amabiles
629 2042 805 2113 oculorum
822 2044 920 2113 orbes
935 2043 1083 2112 fucavit:
1257 2073 1268 2110 s

197 2149 285 2214 Tum
302 2161 418 2216 tenues
432 2145 564 2216 fluentis
580 2164 710 2219 suturas
724 2149 838 2219 laxans
855 2151 993 2237 tunicae,

201 2253 445 2345 Purpureamm
464 2278 532 2321 non
547 2253 666 2324 celavit
683 2257 744 2324 sub
759 2271 850 2325 veste
867 2255 965 2325 flores
981 2253 1187 2351 papillarum.

202 2355 303 2426 Oculi
320 2357 531 2428 advenarum
548 2367 599 2431 sic
612 2377 738 2432 armata
746 2363 842 2455 fuit:
858 2362 975 2432 habuit
990 2364 1076 2432 enim
1092 2364 1162 2458 ipsa

203 2466 383 2536 Cincinnos
397 2465 541 2561 galeam,
558 2469 687 2539 hastam
703 2469 856 2568 papillas,
871 2468 1082 2566 supercilium
1103 2472 1270 2565 sagittam,

781 2575 935 2673 clypeum
949 2576 1230 2673 pulchritudinem
1245 2602 1252 2645 τ

202 2680 305 2747 Arma
315 2680 967 2769 memhra‚delinimentumindoloribus.
975 2684 1088 2778 Siquis
1096 2708 1175 2753 vero
1183 2683 1228 2753 illi
1250 2727 1273 2753 ιο

201 2784 348 2854 Oculum
364 2785 535 2882 adjiceret,
549 2788 618 2882 jam
634 2806 807 2886 superatus
821 2806 901 2860 erat.

240 2998 268 3048 6.
288 2992 385 3055 Διιτὰς
408 2996 438 3047 in
459 2995 611 3048 Heinsianis
634 2996 714 3049 nihili
756 2998 823 3050 bum
839 2998 877 3052 sic
893 3016 1006 3051 numero
1017 2998 1128 3051 metrico
1138 2995 1271 3051 reddere:

200 3086 248 3126 eit.
268 3074 366 3127 Melius
380 3074 504 3127 Batthlut
517 3072 592 3128 (ledit
608 3077 712 3137 λεπτάς.
755 3090 1142 3138 Τιιιιιειιιαίιιιιιηιιίαι,11ἀί1πίι
1154 3092 1230 3137 vnde,

200 3152 459 3221 Sedzrao'mgndhuc
467 3154 624 3221 editurum,
630 3174 713 3227 quum
757 3162 837 3203 monn
846 3176 951 3216 purpurae·
958 3162 1009 3201 ut·
1016 3162 1126 3203 celassem
1133 3159 1219 3215 pupillo.

200 3244 289 3287 umen
303 3231 463 3306 adjectivum
479 3238 604 3307 ιὺινόμοιο
616 3236 714 3307 geniti·
798 3254 825 3304 7.
834 3233 959 3288 Delevid’
968 3248 1028 3307 post
1034 3236 1187 3307 Πορφυρίων,
1197 3232 1270 3304 quod

199 3330 265 3365 vum
271 3315 398 3385 requiem.
408 3316 542 3369 Ceterum
553 3334 645 3369 versus
655 3334 714 3369 ser·
757 3328 848 3369 ortum
861 3328 953 3387 putoa
967 3316 1034 3369 mala
1046 3314 1270 3386 interpunctione.

201 3395 444 3466 tumetseptimum
455 3396 517 3449 licet
525 3414 601 3467 pane
609 3394 643 3449 ad
653 3414 714 3449 ver-
734 3439 739 3446 .
798 3398 827 3448 8.
840 3396 936 3450 Arsen.
950 3398 1119 3469 ὡπλισμένου,
1130 3394 1230 3449 vitiose.

487 3680 989 3720 ψ
