3034 4900
254 487 326 532 noa
468 467 543 536 CL.
572 469 872 544 CLAUDIANI
899 475 1096 544 XXXIII.

252 595 367 666 Foedat
387 597 475 668 nube
492 599 605 670 diem:
625 627 715 693 nuno
736 602 879 675 molibus
897 621 984 676 astra
1001 605 1130 678 lacessit

252 703 432 787 Terrificis,
451 704 644 803 damnisque
666 712 733 780 suis
750 711 901 782 incendia
922 715 1035 784 nutrit

255 809 337 896 Sed,
359 815 507 904 quamvis
524 816 627 887 nimio
644 816 778 888 fervens
795 819 951 890 exuberet
968 834 1065 906 astu,

252 915 320 984 Scit
339 917 469 988 nivibus
490 945 621 991 servare
642 923 759 1014 fidem,
777 927 966 1021 pariterque
983 924 1099 996 favillis
1275 959 1313 1000 us

252 1022 407 1093 Durescit
426 1024 546 1119 glacies
567 1031 649 1099 tanti
668 1056 784 1101 secura
800 1036 952 1127 vaporis,

181 1127 185 1135 '
252 1127 385 1200 Arcano
405 1131 538 1204 defensa
558 1134 653 1230 gelu,
670 1137 829 1234 fumoque
845 1138 934 1209 fideli

255 1235 388 1307 Lambit
410 1241 583 1336 contiguas
602 1245 736 1314 innoxia
757 1246 888 1316 flamma
907 1248 1051 1341 pruinas.

305 1343 389 1431 Quae
411 1346 564 1442 scopulos
586 1363 751 1422 tormenta
769 1351 901 1422 rotant?
918 1377 991 1448 quae
1013 1367 1104 1422 tanta
1120 1377 1279 1424 cavernas

252 1447 313 1516 Vis
334 1447 517 1544 glomerat?
536 1480 603 1550 quo
622 1458 714 1526 fonte
732 1459 800 1528 ruit
817 1458 997 1530 Vulcanius
1015 1457 1144 1528 amnis?
1280 1504 1318 1544 ψ.

252 1553 328 1658 hire
346 1557 435 1651 quod
455 1559 617 1655 objicibus
634 1563 821 1636 discurrens
842 1581 961 1638 ventus
980 1569 1119 1661 opertis,

254 1660 391 1733 offenso
414 1691 475 1760 per
493 1691 571 1738 saxa
589 1669 669 1740 furit
686 1673 808 1742 rimosa
825 1688 956 1760 meatu,

254 1910 330 1952 natos
340 1899 454 1956 nimbos.
464 1903 530 1956 Mox
540 1904 569 1958 in
580 1905 766 1962 miceriam
807 1928 839 1964 es
852 1921 928 1964 astate
944 1909 1074 1966 metina
1090 1909 1245 1982 ἰςιιίνοωι,
1259 1910 1320 1980 qni·

254 1979 365 2049 pulchra
380 1982 555 2056 metaphora,
572 1986 646 2056 quasi
664 1975 769 2060 ἀκροβοῖ
807 1990 858 2043 hus
879 1989 962 2044 hodie
984 2008 1077 2061 magna
1103 2008 1165 2061 pars
1187 1989 1320 2042 bellorum

253 2061 339 2130 λισμὸς
351 2071 378 2114 et
384 2062 503 2116 velitatio
515 2063 637 2135 quasdam
646 2080 714 2121 esset
720 2068 767 2122 illa
809 2082 927 2136 constat,
946 2087 1007 2123 cum
1021 2069 1064 2123 his
1079 2067 1152 2122 haud
1167 2071 1247 2141 paulo
1263 2069 1323 2122 l'eli·

257 2139 367 2192 molium
382 2142 450 2196 rarii
463 2144 568 2214 generis
582 2147 687 2217 ejectio.
808 2149 866 2203 eins
877 2167 1031 2222 comparare
1049 2149 1124 2202 illam
1138 2153 1226 2204 AEnroe
1239 2168 1322 2221 pyro·

300 2222 768 2296 163.Quoplusllsmmsrum,inrni‚
808 2230 925 2285 hollam
939 2230 1064 2284 licuisset.
1078 2230 1204 2287 Ceterum
1223 2228 1320 2284 talibus

256 2299 378 2353 cinerum
386 2304 553 2373 ‚pumicum‚
564 2319 668 2361 eructat
674 2310 768 2374 AEtna‚
809 2309 895 2376 locis,
913 2310 998 2382 qualis
1013 2310 1057 2364 hic
1071 2322 1162 2363 noster
1178 2324 1231 2374 est,
1245 2327 1323 2362 ercn-

257 2380 495 2436 tantointnsillum
503 2385 589 2438 minui
598 2400 768 2454 neemseest;
809 2391 863 2444 sari
879 2403 992 2464 possum
1015 2390 1062 2463 qui
1085 2400 1252 2442 commearunt
1275 2406 1325 2441 no·

257 2458 399 2513 seddumuu
408 2464 487 2518 etiam
498 2468 584 2521 AEtnoe
594 2464 649 2520 dici
658 2482 770 2541 possum
810 2471 882 2524 mine
902 2470 936 2525 de
957 2467 1094 2543 pyrobolis
1117 2482 1143 2522 et
1171 2470 1242 2523 tubis
1270 2469 1323 2521 illis

257 2540 416 2596 vastationes
443 2544 516 2610 illa,
544 2564 608 2618 quas
637 2558 769 2601 torrentes
810 2550 952 2623 ignivomis
961 2551 1115 2603 abutuntur.
1128 2545 1271 2616 Quomodo
1280 2566 1323 2599 ca-

256 2619 340 2693 ignei.
361 2635 388 2675 et
407 2624 579 2695 ejectamenta
598 2626 650 2681 alia
668 2628 769 2681 extrin-
813 2650 889 2683 uerna
909 2631 1039 2701 glomerari
1059 2628 1184 2699 possint,
1205 2639 1233 2680 et
1256 2625 1324 2699 qnid

257 2718 331 2757 secus
344 2700 472 2759 efficiunt.
812 2710 923 2762 omnino
936 2708 989 2763 hoc
998 2708 1128 2781 significet
1138 2707 1272 2779 glomerem
1281 2726 1324 2757 ca·

266 2838 270 2850 ,
303 2782 364 2835 165.
378 2781 479 2835 Servare
487 2784 572 2857 fidem.
588 2790 666 2841 AEtna
681 2788 770 2858 ignem
812 2807 1014 2859 seruamquum
1029 2783 1324 2858 nonassequar,valde

258 2858 382 2927 vomens,
393 2863 428 2915 itt
440 2866 527 2935 parcit
536 2866 659 2932 nivibus,
670 2881 701 2921 nt
710 2868 771 2939 quis
811 2867 898 2940 placet
911 2867 990 2921 lectio
1010 2866 1168 2939 (injecistis,
1184 2866 1325 2939 proeellas:

257 2941 379 2997 crederet
390 2944 773 3015 jurassesenoneasessevio·
808 2947 924 3019 procella
939 2948 958 3001 i.
977 2967 1002 3001 e.
1020 2947 1106 3001 nubes
1126 2967 1143 3000 a
1162 2946 1259 3018 spiritu
1281 2964 1324 2999 ve·

259 3023 390 3088 laturam
402 3022 476 3081 unde
488 3044 521 3078 ex
532 3025 631 3081 ioedere
641 3027 709 3080 inito
718 3045 772 3080 ser·
813 3028 932 3081 hementi
943 3040 1021 3091 scta,
1032 3027 1208 3097 glomerantur,
1220 3028 1239 3080 i.
1252 3044 1329 3079 esu·

258 3115 305 3159 vat
316 3100 397 3157 iidem
409 3123 554 3178 panemque
566 3106 681 3159 nivibus.
813 3108 871 3160 bito
886 3119 1033 3179 eoguntur,
1047 3103 1194 3160 densantur
1207 3108 1236 3159 in
1249 3105 1327 3160 voln-

303 3186 367 3238 166.
391 3184 503 3237 Vicinam
516 3188 626 3257 flammis
648 3186 773 3257 glaciem,
813 3189 902 3254 mina,
918 3200 945 3241 et
956 3184 1089 3240 volvendo
1104 3199 1242 3258 augentur.

261 3276 394 3337 aternoque
407 3269 486 3334 rigore
494 3266 716 3337 bomnta‚quum
728 3266 771 3321 itt-
858 3286 923 3337 170.
933 3266 1066 3319 Volcanus
1077 3272 1154 3319 amnti
1161 3287 1172 3328 ‚·
1181 3264 1226 3319 alii
1235 3265 1329 3335 legunt

261 3344 301 3397 ira
317 3342 443 3410 ardeant,
458 3347 596 3419 scopulos,
610 3346 773 3399 canitetiam
816 3346 950 3399 Vulcanus
972 3350 1054 3415 ignis,
1080 3343 1154 3419 quod
1172 3344 1210 3399 ihi
1226 3343 1329 3398 Vulca-

261 3422 308 3477 Sil.
323 3423 401 3489 XIV,
414 3426 466 3495 67,
477 3425 524 3496 qui
539 3426 613 3479 loeus
627 3438 697 3479 totus
710 3444 773 3482 cnm
814 3446 881 3495 nus,
896 3425 966 3499 ignis
980 3426 1120 3491 inventor,
1135 3436 1255 3479 exerceat
1267 3422 1329 3476 offi-

152 3565 155 3577 Ι
260 3504 313 3557 hoc
327 3514 422 3571 nostro
433 3504 549 3558 conferri
560 3519 685 3559 meretur.
815 3506 915 3571 cinam;
925 3504 972 3559 sed
982 3510 1060 3559 amnis
1069 3505 1180 3577 optime,
1188 3522 1330 3576 quamun-

304 3586 367 3655 167.
382 3584 474 3637 Fumus
484 3584 584 3657 fidelis,
596 3586 645 3658 qui
665 3599 695 3639 nt
707 3584 773 3638 vici·
814 3584 1252 3657 daredieaturignis3Virg.Ge.I,
1262 3590 1329 3653 472,

261 3682 314 3719 nus
325 3664 415 3717 bonna
428 3663 497 3719 nihil
511 3677 605 3731 nocet,
621 3678 672 3719 ete.
815 3673 905 3713 vtum
913 3674 1022 3714 anas-un
1030 3674 1094 3726 rupe·
1104 3672 1216 3713 tomeun
1223 3674 1317 3715 uum.

305 3748 368 3815 169.
395 3744 545 3812 Tormenta,
565 3744 773 3799 machinationes
816 3743 927 3818 etspud
939 3744 1096 3817 AEschylum
1110 3745 1224 3815 ποταμὸς
1235 3744 1330 3809 πυρὸς,

263 3824 419 3897 illss‚quum
429 3824 538 3879 funibus
550 3824 679 3879 contortis
688 3823 775 3876 inten·
815 3822 913 3879 fluvius
928 3824 998 3897 ignis
1011 3823 1119 3878 dicitur.

263 3901 349 3973 sisque
372 3901 543 3968 validissime,
567 3902 665 3958 deinde
685 3902 774 3956 subito
859 3924 922 3975 ¹7²·
944 3906 1129 3976 Responsurus
1152 3903 1234 3956 Poeta
1256 3918 1329 3973 quss-

263 3981 371 4044 laxads,
385 3984 468 4036 moles
491 3986 571 4039 etiam
585 4003 685 4056 magnas
704 3982 773 4055 lapi·
816 3984 947 4038 stionihns
961 3985 1033 4049 suis,
1046 3984 1166 4056 primum
1181 3983 1231 4036 huc
1242 3980 1330 4035 utitur

264 4059 330 4113 dnm
343 4060 497 4130 vibrantur,
509 4077 537 4119 et
549 4063 582 4118 ad
597 4064 700 4135 insigne
712 4081 773 4134 spa·
816 4063 972 4138 hypothesi:
982 4077 1069 4117 uentus
1077 4064 1264 4117 subterraneus
1273 4097 1282 4123 ,
1292 4059 1331 4125 ⁰f·

264 4140 331 4197 tium
341 4140 527 4213 projiciuntur.
541 4145 570 4197 si
581 4157 651 4199 note
663 4144 774 4198 fuissent
811 4146 884 4209 senso
898 4158 924 4199 et
936 4143 1066 4216 impedito
1079 4163 1128 4214 per
1144 4140 1262 4193 occidtos
1276 4136 1332 4190 obi·
