3034 4900
265 471 339 516 210
482 445 555 513 CL.
583 443 887 512 CLAUDIANI
912 444 1106 512 XXXIII.

263 585 344 650 Arte
363 591 514 646 tument:
536 574 650 645 credas
668 573 749 644 illidi
769 574 920 644 mutibus
938 575 1065 670 algam,

265 691 308 756 Et
328 709 465 753 raucum
488 681 607 752 bibulis
628 683 795 777 inserpere
813 707 966 752 murmur
981 685 1098 752 arenis.

264 791 366 861 Addit
385 791 529 884 quinque
547 787 680 883 plagas:
697 788 841 858 mediam
859 788 1043 859 subtemine
1063 793 1166 860 rubro

263 898 442 968 Obsessam
463 896 593 966 fervore
612 909 723 978 notat;
742 895 913 990 squalebat
930 895 1067 966 adustus

263 1007 394 1090 Limes,
411 1017 445 1072 ct
465 1003 596 1072 assiduo
615 1002 770 1071 sitiebant
789 1004 930 1071 stamina
951 1002 1028 1072 sole.

264 1108 389 1182 Vitales
410 1115 565 1203 utrinque
583 1109 683 1194 duas;
701 1133 783 1204 quas
801 1111 889 1179 mitis
907 1109 1042 1179 oberrat

263 1217 469 1312 Temperies,
487 1215 669 1284 habitanda
686 1217 782 1285 viris:
797 1230 870 1285 tum
888 1215 955 1286 fine
974 1241 1128 1311 supremo

264 1328 447 1419 Torpentes
465 1325 563 1392 traxit
582 1324 749 1416 geminas,
766 1322 950 1416 brumaque
969 1327 1107 1418 perenni

266 1431 397 1517 Foedat,
415 1443 449 1498 et
470 1444 592 1498 eterno
614 1430 787 1498 contristat
806 1429 930 1523 frigore
951 1429 1043 1498 telas.

318 1539 390 1606 Nec
413 1560 480 1604 non
497 1550 531 1604 et
549 1537 659 1630 patrui
678 1537 786 1630 pingit
803 1536 944 1610 sacraria
963 1537 1068 1624 Ditis,

265 1642 457 1735 Fatalesque
479 1641 541 1710 sibi
557 1645 681 1710 Manes.
701 1643 771 1710 Nec
787 1641 893 1712 defuit
909 1667 1028 1730 omen,

267 1751 406 1819 Praescia
424 1771 501 1816 uam
520 1747 635 1816 subitis
655 1746 855 1817 maduerunt
870 1747 1001 1817 fletibus
1021 1774 1090 1818 ora.

322 1858 478 1949 Coeperat
499 1868 532 1922 et
553 1855 665 1922 vitreis
685 1878 816 1923 summo
832 1855 902 1948 jam
924 1857 1073 1949 margine
1093 1858 1175 1925 texti

269 1965 442 2032 Oceanum
461 1963 590 2030 sinuare
611 1960 703 2029 vadis
722 1986 730 2026 :
753 1960 810 2030 sed
828 1961 961 2029 cardine
980 1986 1078 2031 verso

271 2071 378 2139 Sensit
396 2067 508 2138 adesse
525 2071 633 2155 Deas,
651 2067 949 2163 imperfectumque
966 2066 1113 2138 laborem

170 2232 173 2238 .
270 2177 420 2263 Deserit,
439 2189 473 2243 et
490 2174 603 2243 niveos
621 2173 734 2244 infecit
751 2199 900 2270 purpura
921 2172 1032 2245 vultus
1297 2219 1336 2257 η,

270 2286 333 2352 Per
355 2281 494 2376 liquidas
513 2306 669 2350 succensa
687 2307 811 2376 genas3
831 2295 994 2377 castaeque
1011 2281 1147 2376 pudoris

274 2512 306 2547 ex
320 2503 375 2544 arte
386 2491 458 2542 litora
471 2492 570 2559 gemmis
582 2489 700 2541 extollit?
712 2502 784 2544 cerae
826 2490 911 2543 mium
919 2502 1012 2542 testum
1023 2509 1078 2543 non
1088 2506 1143 2541 esse
1153 2488 1335 2541 habitabilem,

274 2590 330 2626 non
343 2570 396 2625 ittis
409 2567 601 2632 lucidioribus,
616 2568 719 2639 politis;
731 2569 784 2620 uisi
826 2568 939 2622 Ovidius
947 2570 1114 2637 ‚Met.1‚49:
1125 2595 1136 2615 «
1146 2568 1267 2632 Quarum
1274 2586 1335 2638 que

275 2654 344 2705 torte
365 2649 452 2703 voluit
478 2667 557 2720 rupes
576 2648 700 2702 simulare
720 2666 783 2718 pre·
825 2646 1332 2711 merlinsenonesthahitabitisesru.»

276 2734 360 2784 tiosus.
868 2728 1046 2789 264.Patrm':
1060 2727 1180 2780 Plutonis
1194 2729 1241 2798 qui
1253 2728 1336 2781 frater

317 2808 382 2861 256.
395 2808 433 2858 Ut
446 2806 578 2876 picturam
592 2804 725 2870 laudaturi
740 2803 783 2857 di·
826 2818 866 2858 est
874 2806 958 2870 Jovis,
966 2807 1049 2877 patris
1057 2807 1232 2878 Proserpinae.
1242 2808 1337 2861 Extu-

277 2902 355 2952 cunt,
366 2886 510 2957 exspectari
519 2904 625 2949 vocem,
637 2886 718 2937 metui
733 2885 783 2938 im·
826 2884 933 2938 stiniani
947 2886 1073 2961 institutis
1089 2914 1101 2933 «
1118 2902 1228 2958 patruus
1239 2901 1279 2941 est
1289 2908 1335 2960 pe·

276 2980 367 3041 petum
381 2986 387 3018 :
404 2966 440 3017 ita
453 2965 550 3016 Noster
567 2965 662 3035 fingit,
681 2976 783 3017 tautum
827 2966 875 3018 tris
886 2965 982 3030 irater,
992 2966 1039 3036 qui
1051 2967 1151 3020 Grecis
1161 2964 1335 3039 πατράὃιλφος

276 3068 331 3102 uon
348 3044 441 3100 audire
459 3043 508 3097 sibi
522 3042 607 3096 videri
625 3056 784 3116 spectatores
828 3044 1006 3117 appellatur..

276 3131 357 3201 hujus
370 3128 427 3179 telae
440 3142 535 3177 sonum
547 3124 611 3195 algae
626 3124 746 3177 cautibus
755 3124 785 3175 it·
869 3125 935 3178 265.
952 3126 1051 3189 Manes,
1067 3127 1164 3197 quibus
1177 3128 1295 3197 reginam
1307 3144 1336 3178 se

275 3210 345 3276 lisze,
357 3223 481 3259 murmur
499 3204 630 3257 fluctuum
648 3205 677 3256 in
693 3222 785 3255 arenas
826 3204 887 3257 fatis
897 3202 1055 3259 destinatam
1063 3207 1209 3271 nesciebat,
1221 3226 1269 3259 acu
1278 3207 1335 3278 pin·

277 3287 446 3341 irruentium.
827 3284 880 3355 git,
893 3285 944 3337 hoc
957 3300 1012 3345 est,
1023 3287 1123 3339 animas
1133 3285 1333 3340 defunctorum:

320 3362 783 3437 257.Plagesdici,qusealiaszonse
827 3382 890 3417 uam
907 3366 982 3436 pingi
1001 3379 1128 3438 possunt,
1147 3366 1210 3437 quia
1229 3363 1335 3429 videri,

277 3461 353 3511 sunt,
364 3464 407 3497 res
417 3443 543 3513 loquitur.
827 3456 858 3496 ut
868 3446 977 3498 umbre.
989 3448 1020 3498 In
1032 3447 1081 3499 hac
1090 3458 1165 3517 parte
1175 3446 1264 3515 operis
1277 3463 1337 3497 rer·

319 3524 384 3593 ²59·
405 3524 507 3574 Lr'mes:
529 3522 636 3593 obliqua
652 3533 784 3576 terrarum
827 3526 895 3577 santi
910 3525 1088 3598 Proserpina,
1101 3526 1204 3579 occultu
1220 3513 1348 3596 quadum⁴

274 3607 364 3679 regio,
377 3622 438 3675 quas
452 3621 545 3655 zonam
560 3600 689 3656 torridam
701 3602 786 3656 inclu-
827 3606 1003 3675 presensione
1012 3608 1166 3671 sortissne,
1176 3605 1337 3657 oboriuntur

275 3685 334 3752 dit,
359 3697 385 3737 et
406 3684 542 3755 perpetuis
569 3679 692 3735 aduritur
722 3684 785 3736 solis
828 3685 959 3754 lacrymae.

277 3765 424 3819 ardoribus.
870 3781 934 3833 ²7⁰·
956 3766 1095 3835 Priapum
1118 3762 1148 3817 id
1168 3778 1228 3829 est,
1252 3764 1336 3818 rubor

317 3850 382 3899 260.
396 3842 624 3913 Vitales:antiqui
642 3840 785 3896 credebant
827 3844 958 3914 purpurei
973 3846 1088 3908 coloris,
1111 3844 1158 3915 qui
1178 3845 1252 3898 velut
1269 3843 1336 3913 ignis

275 3942 353 3977 zonas
374 3936 477 3976 tantum
496 3934 658 3992 temperatas
678 3941 706 3974 ea
728 3942 784 3975 esse
826 3921 944 3994 liquidus
967 3938 1036 3977 errat
1056 3943 1105 3996 per
1124 3942 1220 3995 genas,
1241 3940 1337 3993 easque

253 4002 255 4005 ’
274 4016 382 4067 ustura,
394 4016 423 4054 ut
437 4004 486 4055 sub
506 4003 538 4055 iis
553 4001 674 4055 homines
694 4004 784 4055 virere
828 4002 970 4057 succendit
984 4022 1014 4057 ac
1021 4004 1117 4075 pingit.

272 4095 396 4156 possent:
419 4098 513 4133 zonam
537 4080 666 4135 torridum
687 4083 722 4135 ob
741 4083 783 4135 ui·
854 4084 1062 4157 ¹271.Liqtu'dus
1074 4103 1150 4154 genas
1162 4082 1282 4151 intelligo
1293 4079 1336 4131 in-
