3034 4900
334 429 405 510 ns
433 391 606 494 carru
633 424 882 494 prosuae.
910 425 1006 493 me.
1033 425 1061 492 1.
1157 421 1229 518 193

166 563 317 652 Arbiter,
331 559 592 653 umbrarumque
610 571 746 654 potens,
762 558 815 627 cui
831 570 946 626 nostra
962 554 1115 626 labomnt

167 672 333 754 Stamina3
353 669 409 764 qui
428 665 530 736 finem
545 665 672 734 cunctis
689 678 723 734 et
740 665 866 734 semina
879 663 1023 759 praebes,

166 775 405 870 Nascendique,
417 774 505 842 vices
522 771 648 842 alterna
668 785 776 840 morte
794 769 970 865 rependis:

167 885 232 974 Qui
250 885 356 953 vitam
374 880 542 974 letumque
559 879 664 975 regis:
683 903 761 946 nam
779 875 938 972 quidquid
959 875 1080 971 ubique

167 991 284 1085 Giguit
302 988 472 1076 materies,
490 987 606 1056 hocta
624 983 768 1054 donante
786 998 932 1071 creatur,
951 1017 954 1020 ⁴
1067 1030 1070 1035 ,
1201 1012 1227 1050 s·

164 1097 382 1190 Debeturque
400 1093 475 1181 tibi,
490 1093 652 1186 certisque
671 1091 864 1186 ambagibus
882 1093 943 1160 aevi
1003 1101 1008 1110 “

163 1205 294 1272 Rursus
313 1224 492 1296 corporeos
508 1200 625 1268 animae
640 1199 817 1267 mittuntur
835 1199 870 1267 in
886 1212 990 1266 ortus:

163 1313 214 1378 Ne
234 1323 312 1404 pete
327 1309 472 1377 firmatas
485 1306 582 1401 pacis
599 1303 778 1374 dissolvere
794 1302 900 1399 leges,

162 1415 258 1505 Quas
273 1414 439 1500 dedimus,
457 1412 612 1508 nevitque
628 1409 720 1482 colus
737 1437 744 1478 ε
763 1433 827 1480 neu
846 1409 970 1480 foedera
985 1409 1125 1480 fratrum

163 1520 264 1592 Civili
281 1535 439 1593 converte
456 1520 558 1588 tuba:
576 1543 636 1587 cur
653 1519 755 1612 impia
771 1515 858 1586 tollis
1200 1543 1226 1580 rs

160 1625 283 1724 Signa?
299 1627 380 1723 quid
397 1627 528 1696 incestis
548 1626 654 1720 aperis
671 1623 843 1694 Titanibus
859 1622 976 1692 auras?

161 1849 274 1902 vocam,
294 1836 338 1890 cui
360 1837 474 1907 Atropos
492 1845 594 1907 praeest.
619 1833 673 1900 Qui
717 1833 848 1907 plicatur,
863 1833 919 1888 sive
931 1830 1003 1889 dicas
1016 1838 1108 1888 animm
1120 1839 1146 1889 ia
1159 1851 1226 1890 arnas

161 1917 219 1970 vult
232 1935 294 1970 eam
306 1927 412 1988 partem
424 1916 539 1986 antiquae
554 1913 673 1986 philoso-
718 1919 824 1979 mutari,
841 1912 896 1968 sive
907 1918 969 1966 mitti
981 1912 1006 1966 in
1018 1929 1085 1968 ortus
1095 1935 1102 1969 :
1113 1915 1160 1970 sed
1170 1918 1224 1970 hoc

161 1995 231 2067 phin
245 2013 409 2069 cognoscere
422 1994 541 2067 penitus,
554 1995 593 2046 illi
611 1995 673 2048 satis
717 1995 802 2061 mibi,
820 1995 848 2047 in
861 1995 1017 2049 auctoritate
1029 1996 1105 2066 pari,
1116 1996 1226 2052 ridetur

161 2087 228 2148 puto
238 2095 317 2147 posse
331 2076 391 2128 lieri
408 2073 520 2147 legenda
532 2086 623 2128 nostra
638 2073 673 2128 de
715 2073 929 2146 praeterendum,
940 2076 1004 2145 quia
1015 2075 1098 2147 magis
1105 2076 1225 2148 pbiloso-

164 2155 311 2209 Animabus
322 2155 492 2228 Hippocratis
505 2167 531 2208 et
545 2154 672 2208 Heracliti
715 2153 817 2225 phum,
837 2155 920 2226 magis
938 2153 1088 2208 Claudiano
1105 2155 1225 2230 dignum.

164 2232 360 2307 disputatione,
374 2235 460 2289 tertiis
474 2233 546 2288 curis
557 2233 672 2306 expolita
716 2231 798 2305 Apud
811 2235 907 2287 Silium
919 2237 1006 2287 maiora
1016 2236 1098 2287 coehsm
1107 2250 1223 2308 repetunt,

165 2315 194 2368 in
207 2315 384 2370 Commentar.
399 2314 459 2370 soc.
473 2315 536 2385 neg.
549 2313 670 2386 Gotting.
715 2315 815 2366 redeunt
840 2320 867 2366 r'rr
893 2333 1001 2384 corpora.
1024 2314 1125 2370 Similia
1146 2318 1225 2390 plura

165 2393 216 2449 To.
228 2395 249 2448 1.
262 2395 317 2462 Qui
332 2413 394 2451 vero
410 2407 550 2469 poetarum
565 2411 672 2467 compa·
715 2393 787 2466 apud
805 2393 958 2467 Virgilium.
981 2395 1084 2450 Anime
1104 2397 1225 2453 Heracli·

164 2493 222 2529 rare
239 2476 349 2530 virtutes
364 2474 495 2541 voluerit,
507 2468 553 2529 ille
569 2488 672 2529 sextum
715 2474 774 2528 tica
785 2487 926 2547 antequam
938 2474 1049 2529 redeant
1058 2478 1087 2530 in
1098 2496 1224 2551 corpora,

162 2554 301 2621 AEueidos,
311 2555 379 2610 adv.
389 2557 464 2627 7¹13,
474 2552 577 2617 etSilii,
589 2556 671 2621 XIII,
713 2556 769 2626 jam
784 2555 885 2610 habent
902 2556 992 2609 omnia
1015 2558 1147 2615 membra,
1171 2570 1224 2615 etc.

163 2632 234 2703 558,
247 2656 312 2690 cnm
322 2636 375 2689 boc
387 2648 480 2689 nostro
493 2634 672 2701 contendens,
714 2633 769 2689 Sed
793 2634 873 2689 etiam
903 2632 971 2688 illud
999 2650 1090 2689 mutare
1119 2638 1225 2693 ornavit

160 2714 286 2785 jucunde,
298 2716 323 2769 si
335 2710 446 2787 quidem
456 2732 565 2769 seucum
575 2710 672 2769 hebeat
715 2713 848 2769 Heinsius.
858 2714 946 2785 Eligat
957 2715 1069 2787 quisque
1082 2716 1154 2789 quod
1166 2720 1224 2791 pla.

161 2795 265 2859 mium,
281 2795 426 2850 afficietur.
714 2794 793 2848 cebit

205 2876 250 2931 58.
275 2876 387 2930 Alteras
408 2886 500 2941 morte,
523 2892 587 2927 nam
612 2892 671 2946 quae
754 2873 803 2929 65.
830 2874 904 2927 Civili
920 2874 1000 2938 aba,
1024 2881 1101 2946 sr'grus
1122 2880 1221 2950 impes,

161 2954 227 3027 apud
237 2974 286 3010 nos
296 2954 469 3019 moriuntur,
482 2972 512 3009 ea
523 2966 670 3009 nascuntur
713 2952 814 3007 bellum
827 2954 984 3007 intestinum
996 2955 1067 3010 int'er
1079 2958 1173 3012 fratres
1188 2961 1224 3014 si·

161 3032 231 3089 Chao
246 3048 272 3090 et
286 3037 349 3090 vice
363 3052 497 3090 conversa.
713 3032 828 3104 gnificat.
846 3034 939 3087 Solent
948 3034 1025 3087 illum
1039 3048 1142 3091 naturae
1153 3040 1225 3093 ordi·

199 3118 241 3169 62.
261 3116 364 3169 Arrium
388 3114 417 3167 iu
435 3114 480 3166 illa
501 3113 671 3185 philosophia
714 3131 795 3178 nem,
810 3132 864 3186 qno
877 3114 1048 3167 continentur
1060 3119 1163 3184 omnia,
1175 3140 1223 3189 pa·

161 3190 315 3249 Heraclitica
327 3206 393 3249 sunt
404 3194 460 3266 ipsa
469 3190 513 3245 illa
522 3192 609 3263 prima
618 3192 670 3247 ele·
713 3196 760 3257 cis,
771 3194 872 3260 sederis
877 3192 1060 3266 similibusque
1070 3197 1223 3252 nominibus

162 3288 246 3325 menta
261 3286 288 3328 et
302 3274 407 3329 semina
420 3292 511 3327 rerum
522 3310 530 3338 ,
540 3293 567 3326 v.
579 3292 604 3345 g.
616 3274 670 3327 eni·
711 3272 838 3327 indicare.
854 3272 999 3345 Postquam
1013 3276 1084 3327 enim
1098 3296 1223 3347 personas

161 3351 282 3419 mallum,
291 3372 354 3423 quo
365 3356 388 3407 si
398 3365 470 3407 sorte
481 3351 595 3425 quadam
607 3372 668 3419 sua,
712 3352 799 3406 fecere
807 3353 915 3418 caelum,
924 3365 1034 3420 terram,
1044 3355 1172 3409 elementa
1182 3377 1223 3410 re·

163 3432 251 3501 palpa,
280 3432 320 3485 in'
333 3429 424 3485 locum
449 3444 477 3484 et
502 3430 592 3487 sedem
618 3432 670 3485 sibi
711 3432 799 3505 liqna,
812 3442 961 3503 supererat,
976 3444 1148 3505 uttauquarn
1160 3455 1222 3508 per·

163 3524 329 3581 eptam,vasa
336 3510 492 3572 seminalia,
507 3510 669 3578 deferentur,
713 3512 785 3565 souis
796 3508 956 3566 discordiam
969 3524 996 3564 et
1010 3513 1093 3578 bella,
1111 3534 1223 3573 concor·

164 3586 203 3640 ibi
214 3603 366 3661 augescunt,
379 3588 410 3644 b.
425 3608 449 3643 e.
464 3590 628 3663 explicentur
638 3592 669 3644 in
713 3590 847 3664 diemque,
855 3610 947 3663 pacem
960 3604 987 3645 et
999 3590 1098 3646 foedera
1109 3596 1223 3666 assigua-

164 3670 280 3723 suembrs
293 3690 357 3737 sna,
369 3682 509 3735 crescunt,
527 3683 593 3735 etc.;
608 3684 670 3743 post
713 3684 783 3725 rent.
797 3668 861 3723 vid.
877 3690 959 3742 supra
975 3673 1061 3725 carm.
1076 3674 1134 3735 ΙΙΙ,
1156 3682 1171 3731 Δ
1195 3689 1222 3725 et
1300 3714 1304 3723 .

164 3760 275 3800 monem
290 3762 377 3803 autem
397 3749 539 3821 dispersis,
556 3770 615 3821 quse
627 3770 668 3805 as·
715 3750 992 3818 65,is.xxvt,56.

162 3838 274 3899 sumpta
281 3830 395 3895 Inerant,
404 3829 584 3902 particulis,in
596 3831 668 3884 illam
755 3834 801 3883 66.
812 3832 921 3905 'locutos
941 3830 1042 3881 Titanos
1054 3842 1146 3894 vocat,
1157 3832 1184 3884 lr.
1198 3853 1221 3887 e.

160 3906 280 3975 priorem
290 3910 446 3964 tenuitatem
455 3905 580 3974 redeunt,
590 3930 605 3964 e
616 3930 669 3983 qua
713 3910 842 3982 indignos
848 3910 897 3981 qui
906 3910 935 3962 in
943 3918 1113 3979 conspectum
1125 3923 1151 3963 et
1161 3930 1223 3965 cou-

161 3999 212 4052 per
224 4004 320 4041 novam
330 4002 430 4043 sortem
444 3985 531 4041 redire
543 3989 670 4045 illiscon·
714 3991 827 4045 sortium
846 3990 986 4053 Deorum,
1004 4002 1134 4042 castarum
1152 4011 1224 4045 meu·

160 4062 247 4133 tingit.
260 4066 322 4123 Huc
333 4066 469 4124 sententia
478 4084 532 4121 nou
545 4070 613 4125 male
625 4090 670 4125 ex·
714 4070 799 4136 tium,
816 4067 999 4122 admittantur.

182 4174 260 4285 ut.
997 4174 1042 4244 13
