3034 4900
269 451 316 524 38
521 452 595 519 cr..
625 451 926 519 cununrrur
952 412 1074 526 xxv.

318 587 478 653 Personat
492 596 526 650 et
539 595 619 650 noto
635 581 752 674 Pythia
768 595 843 649 vate
865 580 992 649 domus.

267 664 419 761 Consulis
438 687 493 756 hic
510 687 614 756 fasces
633 687 752 772 cecini,
773 687 978 780 Libyamque
997 699 1187 780 receptam:

319 796 383 865 Hic
401 793 483 862 mibi
501 793 672 886 prostratis
689 790 775 861 bella
793 791 941 860 cauenda
959 792 1061 860 Getis.

268 901 334 973 sed
348 901 439 995 prior
458 897 600 994 effigiem
617 897 732 966 tribuit
749 921 919 967 successus
940 896 1099 982 ahenam,

322 1008 456 1100 Oraque
473 1005 629 1099 patricius
648 1017 762 1072 nostru
784 1003 907 1072 dicavit
926 1002 1041 1071 honos.

268 1113 393 1203 innuit
414 1111 504 1179 hunc
525 1111 677 1204 princeps
698 1108 849 1193 titulum,
866 1121 1022 1202 poscente
1044 1119 1174 1176 senatu:

321 1219 478 1312 Respice,
494 1213 655 1308 judicium
674 1237 774 1309 quam
797 1238 917 1308 grave,
936 1217 1050 1299 illusa,
1072 1206 1177 1282 subis!

269 1401 351 1474 pellat
359 1397 577 1466 Jornandes‚eos
585 1401 695 1472 antiquo
703 1417 779 1454 voea-
821 1393 1328 1455 srrucmrucormarmcsuvm,

210 1537 212 1542 ,
268 1482 334 1534 bulo
344 1476 489 1542 Herodoti,
507 1497 537 1533 ac
554 1477 651 1532 deinde
666 1478 777 1542 Ovidii,
822 1481 865 1532 Du
884 1497 970 1532 sunno
983 1478 1104 1541 Gnrmo,
1124 1475 1224 1541 idest,
1244 1492 1281 1526 na
1293 1474 1340 1525 V!

271 1573 319 1614 etc.
335 1559 411 1614 Getas
421 1548 587 1627 vocari}(vid.
598 1558 716 1622 Orosi,
729 1563 778 1623 16,
822 1558 867 1612 ἂν.
880 1577 905 1612 c.
924 1560 955 1612 A.
970 1559 1050 1611 Vien.
1065 1555 1126 1610 Ald.
1144 1557 1220 1608 Junt.
1241 1554 1328 1606 Plant.

270 1659 298 1692 n.
310 1627 369 1710 bier
378 1638 417 1691 ibi
428 1634 563 1704 Havete),
573 1638 714 1710 ipsumque
723 1637 779 1691 Go·
822 1639 913 1692 Barth.
923 1640 965 1690 Dr
977 1655 1063 1692 auso
1071 1637 1263 1690 somnum
1272 1652 1330 1686 ma·

270 1719 348 1771 thum
359 1716 616 1771 Joruandemvideri
625 1735 703 1772 suurn
711 1735 780 1788 opus
822 1736 912 1772 nuscr.
922 1716 1050 1782 Cluverii,
1063 1716 1093 1769 it.
1100 1716 1190 1786 Cujac.
1201 1725 1229 1766 ct
1237 1711 1329 1766 Heius.

270 1796 432 1868 inscripsisse
449 1797 480 1848 de
502 1796 569 1849 rebus
592 1796 702 1850 Geticis:
720 1808 780 1849 tum
823 1797 1023 1850 Commentario
1044 1814 1093 1849 suo
1111 1792 1246 1865 inscripsit
1265 1793 1331 1844 Bar·

270 1875 358 1943 illud,
379 1877 440 1929 lstri
462 1875 495 1928 ad
515 1877 630 1929 Pontum
645 1875 780 1928 Euxinum
823 1876 958 1941 thius,na
972 1873 1296 1946 nann.Srtr.rc.1.rn.V1.

271 1957 508 2028 appropinquantis
528 1975 542 2008 a
559 1953 663 2010 sinistra
681 1954 781 2010 aocoln
867 1974 890 2008 r.
898 1956 994 2008 Rachia
1002 1973 1077 2006 maor
1089 1952 1195 2006 eosdem
1207 1964 1287 2022 puto,
1297 1948 1331 2002 de

271 2037 352 2089 luisse
371 2037 420 2088 hos
434 2035 476 2088 vel
499 2035 594 2100 Getas,
613 2036 655 2088 vel
677 2034 780 2088 Gothos
823 2033 1051 2105 quisnam,
1067 2033 1113 2085 23.

270 2101 525 2180 (vsafxxvmr,
540 2111 782 2186 neruique·
865 2109 1331 2186 erythraeamtemptumapot-

272 2194 337 2266 quid
352 2193 387 2246 de
399 2195 516 2248 nominis
532 2207 586 2248 tam
600 2195 653 2248 late
666 2195 781 2266 patentis
823 2193 884 2246 linis
905 2192 1069 2254 Palatinum,
1087 2189 1288 2244 recitationibus
1306 2199 1332 2240 et

272 2275 313 2327 vel
327 2274 489 2346 originibus,
500 2275 540 2326 vel
553 2273 658 2327 sedibus
669 2274 732 2326 alias
739 2272 780 2326 di·
824 2273 989 2326 bibliothecis
996 2272 1061 2326 olim
1071 2269 1231 2324 destinatum
1238 2270 1271 2321 ab
1280 2269 1335 2319 Au-

272 2366 410 2424 sputetur:
426 2352 556 2424 denique,
574 2351 714 2406 stilichoni
732 2371 781 2406 suo
823 2365 919 2424 gusto,
940 2353 994 2406 sive
1012 2352 1116 2422 ipsum,
1131 2349 1185 2402 sive
1206 2365 1332 2419 quaecun-

272 2452 355 2503 quum
365 2431 410 2484 hic
423 2431 502 2484 etiam
514 2431 598 2485 faveat
607 2451 669 2485 suris
684 2444 780 2503 poeta,
824 2452 875 2505 que
889 2431 957 2486 mdes
970 2429 1004 2485 ad
1019 2429 1166 2502 exemplum
1182 2426 1252 2479 illius
1266 2426 1334 2480 reci·

272 2511 337 2564 alios
354 2511 404 2563 alia
419 2508 573 2576 tradidisse3
590 2524 622 2564 ut
639 2510 780 2564 Cussiodo-
824 2512 918 2567 tationi
933 2512 1058 2565 serviens.

273 2610 318 2644 rus
329 2590 449 2644 Chron.«
461 2588 571 2643 Stilicho
585 2602 612 2643 et
623 2590 781 2645 Aurelianus
865 2589 890 2643 5.
907 2592 996 2644 Fasces
1012 2610 1022 2643 .·
1036 2586 1187 2643 consulatus
1202 2582 1332 2655 insignia,

272 2666 386 2731 (COSS.
404 2671 436 2721 A.
449 2665 529 2732 too).
545 2670 593 2723 His
608 2670 682 2724 Coss.
696 2668 780 2724 Gothi
822 2669 858 2724 de
875 2660 974 2741 quibus
992 2688 1073 2740 supra
1090 2686 1098 2721 t
1116 2677 1261 2720 sumuntur
1278 2683 1330 2734 pro

273 2749 378 2801 Alarico
389 2760 416 2801 et
426 2746 569 2819 lladngaisa
580 2750 686 2820 regibus
695 2750 782 2821 ingre·
823 2752 884 2822 ipso
895 2750 1041 2805 consulatu.

273 2827 386 2881 diuntur
400 2828 511 2882 Italiam.
523 2854 535 2875 ι
555 2827 658 2881 Deinde
678 2830 780 2883 ..tm-
865 2850 892 2899 7.
915 2830 1035 2883 Statuam
1055 2828 1191 2882 deorsum
1206 2824 1332 2896 positam

273 2906 319 2959 dio
333 2907 359 2957 V
372 2918 398 2959 et
410 2906 531 2960 Honorio
543 2908 578 2961 V.
590 2902 640 2969 (A.
655 2914 706 2971 ior
714 2906 724 2973 )
732 2910 780 2965 His
824 2928 876 2981 que
888 2908 1052 2973 Claudiano,
1063 2908 1109 2960 hic
1119 2906 1195 2958 locus
1207 2902 1332 2956 declarat.

274 2986 348 3039 Coss.
371 2984 506 3040 Pollentiae
521 2986 696 3041 Stilichonem
719 3008 782 3043 cum
824 2990 925 3043 Utrum
947 2989 1016 3043 basis
1039 2987 1112 3041 illius
1133 2986 1240 3039 inventa
1262 2983 1298 3035 sit
1319 3001 1334 3035 a

273 3066 389 3119 exercitu
402 3084 512 3119 romano
522 3067 624 3121 victum
634 3066 716 3123 Gothi
726 3068 782 3121 acie
824 3068 974 3141 Pomponio
983 3070 1070 3129 Luto,
1079 3078 1105 3118 et
1113 3083 1175 3117 vera
1183 3062 1333 3134 inscriptio,

273 3146 430 3215 fugaverunt
443 3172 467 3199 ι.
480 3146 515 3199 Εῑ
523 3146 595 3218 apud
603 3142 780 3213 lornandem,
824 3146 990 3221 disputamus
997 3148 1026 3200 in
1037 3146 1140 3216 Proleg.
1146 3144 1225 3196 Tom.
1237 3144 1296 3214 Lp.
1306 3144 1333 3195 6.

273 3226 568 3294 I,a9:·Alaricus‚rex
578 3227 779 3282 Gothorum...
873 3230 901 3283 8.
923 3229 1044 3280 Patricius
1064 3226 1153 3286 tonos,
1177 3220 1273 3284 credo,
1294 3234 1334 3273 &t

273 3316 359 3355 sumto
372 3306 488 3358 exercitu
498 3323 547 3377 per
557 3307 719 3373 Pannonias,
729 3307 782 3361 Sti·
825 3308 911 3362 honos
919 3328 935 3361 a
946 3306 1078 3370 Patribus,
1089 3323 1104 3357 a
1113 3314 1206 3357 aeuatu
1214 3300 1334 3359 habitus,

272 3382 381 3434 lichone
388 3396 415 3435 et
424 3385 567 3437 Aureliano
574 3387 747 3440 consulibus..
757 3428 763 3440 .
773 3427 780 3440 .
825 3400 857 3441 ut
863 3387 1004 3459 populatu,
1017 3402 1095 3457 quem
1105 3382 1220 3454 populus
1230 3378 1331 3431 tribuit.

273 3461 381 3514 intravit
390 3462 503 3515 Italiam.
513 3487 525 3509 ι
539 3463 642 3517 Ibidem
655 3484 713 3537 cap.
730 3468 781 3520 30:
825 3498 863 3510 -
874 3467 1001 3520 Amnum
1010 3477 1071 3518 ante
1082 3462 1187 3515 Claver.

276 3539 408 3594 «Stilicho
414 3560 449 3594 ex
457 3540 559 3597 insidiis
567 3542 781 3614 aggrediturGo-
865 3566 893 3617 9.
912 3546 963 3597 Hic
982 3544 1053 3615 vulg.
1073 3544 1136 3595 tm
1150 3535 1222 3591 MSS.
1235 3562 1277 3577 -··
1293 3534 1335 3588 Ti·

272 3620 332 3676 thos
340 3620 374 3674 ad
382 3620 550 3685 Pollentiam,
560 3623 692 3677 civitatem
701 3625 782 3679 inst·
825 3626 921 3679 udus.-
943 3636 1037 3679 statuo
1060 3619 1243 3677 honoratiores
1269 3616 1335 3669 titu-

271 3700 350 3769 pibus
358 3700 580 3755 Cottiislocatam.
590 3740 612 3755 ..
624 3744 631 3755 .
643 3701 735 3757 Gothi.
743 3745 748 3755 .
756 3744 779 3757 ..
823 3704 856 3758 lis
869 3716 969 3759 ornatu
981 3715 1043 3756 sunt
1057 3721 1064 3755 t
1078 3711 1170 3754 statura
1180 3714 1336 3749 communes

272 3779 361 3847 primo
371 3782 506 3852 perterriti
514 3792 594 3848 sunt;
604 3780 650 3835 sed
659 3800 729 3836 mox.
741 3822 746 3835 .
756 3826 763 3837 .
773 3824 780 3837 .
824 3784 922 3856 absque
928 3784 971 3838 his
979 3794 1062 3836 erant.
1067 3777 1279 3850 meriptionem,
1289 3794 1337 3829 ⁶0¹1

271 3876 377 3911 omnem
388 3878 463 3931 pune
472 3860 617 3915 exercitum
626 3860 780 3935 Stilichonis
824 3864 934 3917 titulum
951 3864 1031 3933 hujus
1049 3870 1141 3914 statuo
1165 3854 1228 3911 vide
1255 3874 1337 3926 supra

271 3937 299 3989 in
317 3938 406 4007 lugam
420 3958 578 3997 conversum
593 3960 677 4013 usque
692 3940 725 3997 td
738 3943 780 3995 ira·
824 3942 1060 4015 Prolegom.Tom.
1072 3942 1104 4003 1,
1116 3956 1176 4010 pag.
1189 3941 1218 3991 6.

233 4058 240 4069 .
269 4017 448 4069 terneciouem
459 4018 779 4089 dejiciam-Vidadv.
872 4016 1336 4093 reltesptoemvatmpioemeju·

272 4098 324 4167 7⁸,
341 4115 394 4165 9⁰2
410 4098 438 4150 it.
457 4098 523 4181 ⁵⁸³³
534 4132 573 4143 -·
587 4104 628 4157 nr
645 4104 780 4156 Vrcroara
823 4102 931 4167 huus,
947 4120 1015 4171 quos
1027 4119 1043 4153 a
1053 4100 1140 4155 calore
1150 4101 1332 4169 cujuscunque
