3034 4900
294 454 365 527 116
506 454 580 523 CL.
609 453 910 524 CLAUDIANI
937 456 1132 525 XXVIII.

287 589 434 658 Sustinet
449 608 605 657 accensos
623 585 736 654 aestivo
757 584 893 679 pulvere
915 584 1007 655 soles.
1306 622 1346 659 „s

284 699 362 790 lpse
380 716 481 764 manu
502 690 698 761 metuendus
715 690 828 779 adest,
845 693 1043 786 inopinaque
1062 698 1189 765 cunctis

285 800 424 870 Instruit
440 822 539 867 arma
547 795 645 884 locis,
662 812 712 883 et,
729 822 795 892 qua
812 812 911 867 vocat
932 823 1029 885 usus,
1046 800 1088 868 uh
1108 804 1199 870 omni

283 910 382 976 Parte
403 906 515 974 venit:
535 904 621 973 fesso
642 905 668 971 si
689 902 801 972 deficit
814 906 944 999 agmine
966 903 1079 991 miles,

282 1014 399 1081 Utitur
417 1010 543 1081 auxiliis
560 1010 673 1079 damni
690 1034 844 1096 securus,
865 1024 900 1079 et
919 1024 992 1079 astu

283 1116 443 1189 Debilitat
456 1139 586 1187 'saevum
606 1117 756 1210 cognatis
778 1116 903 1186 viribus
921 1119 1062 1202 istrum,

283 1227 328 1293 Et
345 1222 469 1317 duplici
487 1222 581 1291 lucro
598 1222 807 1291 committens
826 1220 954 1316 praelia,
972 1224 1072 1291 vertit

282 1334 324 1401 In
342 1354 377 1399 se
396 1328 580 1398 barbariem
601 1328 697 1397 nobis
713 1329 868 1422 utrinque
888 1327 1070 1398 cadentem.

281 1440 396 1530 lpsum
416 1449 449 1503 te
466 1446 618 1527 caperet,
636 1432 786 1528 letoque,
808 1432 957 1522 Alarico,
977 1434 1138 1522 dedisset,

281 1543 326 1611 Ni
344 1539 435 1610 calor
453 1541 578 1608 incauti
599 1537 685 1609 male
703 1539 874 1609 festinatus
894 1539 990 1609 Alani

281 1646 488 1741 Dispositum
505 1643 670 1715 turbasset
689 1670 799 1740 opus:
819 1670 924 1740 prope
945 1660 1061 1741 captus
1080 1645 1235 1715 anhelum
1303 1679 1342 1716 ns

280 1752 429 1822 Verbere
450 1752 542 1845 cogis
563 1774 703 1843 equum;
720 1776 784 1820 nec
801 1767 834 1819 te
854 1753 975 1821 vitasse
992 1750 1150 1821 dolemus.

280 1861 298 1926 1
317 1858 427 1952 potius
448 1858 539 1952 genti
559 1855 724 1951 reliquus,
738 1858 903 1951 tantisque
921 1872 1085 1953 superstes

281 1962 428 2033 Danubii
446 1961 594 2058 populis,
613 1964 641 2046 i,
658 1977 809 2033 nostrum
832 1965 907 2033 vive
928 1978 1100 2059 tropaeum.

323 2136 788 2211 215.ctcarm.·upr.xx1,350.
833 2136 959 2203 danum,
984 2139 1040 2192 haec
1061 2138 1122 2191 vivo
1146 2138 1290 2193 Stilichone
1312 2141 1340 2193 in

325 2220 456 2290 atti-Ipse
468 2237 621 2282 memnon
631 2217 791 2283 stilichoni,
833 2216 956 2271 laudibus
976 2218 1048 2273 illius
1065 2236 1273 2273 commemorare
1290 2238 1339 2291 pu-

283 2297 329 2353 sed
340 2298 558 2362 ssutomsrbaro
565 2309 592 2350 et
599 2314 702 2368 pagano
713 2296 791 2363 duci,
834 2298 905 2351 blica
920 2310 970 2351 etc.

282 2377 346 2433 belli
363 2394 492 2430 summam
507 2376 672 2427 commissam
687 2393 743 2427 esse
753 2376 792 2429 ait
887 2395 950 2429 aso.
972 2376 1093 2429 Dsbihtat
1119 2378 1225 2439 Istrum,
1247 2379 1342 2450 spoliat

282 2458 408 2520 Orosius5
423 2453 468 2508 sed
482 2453 634 2523 prostiterit
645 2450 726 2504 fidam
741 2451 788 2504 ad·
833 2455 987 2508 Danubium
998 2457 1099 2508 viribus
1110 2457 1239 2526 cognatis,
1251 2458 1279 2509 id
1288 2472 1341 2524 est,

281 2538 375 2592 hibere
385 2529 547 2591 Claudiano,
562 2529 610 2601 qni
621 2547 680 2581 aem
692 2531 788 2600 ampli·
831 2532 932 2584 viribus
939 2553 1049 2586 suorum
1057 2535 1216 2606 populorum
1225 2574 1232 2600 ,
1241 2555 1338 2608 eosque

282 2617 362 2670 ficare
378 2624 466 2686 potest
483 2607 610 2680 quidem,
629 2627 685 2660 non
698 2612 789 2662 'totam
831 2605 1001 2679 Baabarosssin
1015 2632 1042 2665 se
1052 2613 1166 2666 invicem
1180 2626 1276 2672 armat,
1288 2617 1339 2668 sic·

281 2691 538 2763 fingere-inopina
544 2707 621 2750 ansa,
632 2706 692 2759 qun
698 2687 788 2740 hostes
831 2706 883 2760 que
898 2693 1029 2745 convertit
1044 2693 1193 2745 barbariem
1206 2707 1298 2748 contra
1311 2715 1339 2748 se

280 2793 312 2828 ex
325 2769 469 2843 improviso
482 2781 510 2821 et
519 2769 560 2822 nil
570 2769 622 2823 tsle
634 2779 787 2840 exspectan·
831 2768 929 2840 ipsam:
940 2787 992 2841 qua
1001 2771 1029 2823 in
1038 2789 1067 2824 re
1075 2769 1174 2842 duplex
1180 2773 1338 2841 estlucrum,

281 2865 321 2905 tes
336 2850 441 2904 feriunt.
831 2846 929 2920 duplex
944 2849 1062 2916 utilitas;
1080 2851 1168 2922 primo
1182 2851 1255 2924 quod
1273 2855 1338 2908 Bar·

323 2932 389 2984 218.
408 2930 449 2981 De
466 2923 606 2997 assumptis
623 2926 786 2992 Alaunium,
831 2928 889 2981 bari
907 2941 999 2983 contra
1017 2949 1045 2984 se
1062 2930 1167 2984 excitati
1185 2933 1262 2986 nohis
1281 2953 1337 2988 non

280 3011 380 3067 Geticas
393 3007 477 3080 gantis
490 3005 573 3076 ipsius
587 3024 706 3078 quoque,
721 3025 788 3060 con-
832 3023 960 3078 noceant,
981 3009 1096 3064 secundo
1116 3010 1192 3083 quod
1210 3031 1225 3066 a
1246 3014 1338 3086 seipsis

280 3105 322 3146 tra
333 3108 395 3145 suos
404 3086 547 3160 populares
558 3085 663 3138 auxiliis
674 3087 741 3156 agit5
753 3086 788 3142 de
831 3085 978 3144 deleantur.

279 3172 378 3248 quihus
389 3167 460 3223 conf.
473 3165 580 3231 xxvi,
593 3165 649 3218 ⁵80
660 3185 717 3238 sqq.
730 3165 787 3220 Cae·
873 3177 938 3236 ¹²4·
952 3170 1048 3223 Alanus
1062 3170 1107 3224 ills
1119 3169 1213 3225 Saulus
1227 3187 1337 3227 vocatur

278 3266 368 3306 terum
379 3249 425 3302 hic
437 3245 517 3300 etiam
527 3244 663 3298 hominem
676 3246 788 3300 minime
831 3249 914 3302 Paulo
929 3251 1064 3316 Diacono,¹
1076 3250 1145 3304 Hist.
1159 3252 1235 3305 Misc.
1258 3253 1337 3319 XIII,

279 3331 379 3384 malum
393 3346 421 3380 se
435 3327 532 3398 prohat
545 3324 724 3391 Claudianus,
739 3328 787 3398 qui
832 3331 883 3395 as,
894 3329 1016 3400 quivero
1026 3341 1109 3384 totam
1120 3331 1188 3384 hunc
1199 3330 1336 3384 historiam

278 3409 378 3464 tribunt
394 3405 536 3458 stilichoni
547 3404 687 3458 consilium
704 3418 785 3477 atque
828 3407 864 3460 ita
877 3421 981 3475 nmrat,
997 3420 1028 3462 ut
1042 3411 1156 3463 multum
1171 3411 1293 3464 uNostro
1309 3424 1337 3464 et

278 3501 379 3553 astum,
400 3485 526 3538 barbaros
546 3484 645 3537 mutuis
667 3484 785 3540 cedibus
828 3485 975 3541 Prudentio
993 3488 1022 3542 in
1040 3487 1139 3561 Symm.
1160 3491 1202 3553 II,
1222 3507 1276 3558 7⁰9
1295 3509 1335 3562 sq.

277 3562 564 3624 attereudi.1nsauum
578 3578 708 3635 quantum
722 3566 784 3634 plus
828 3565 973 3620 dissentiat.
999 3569 1039 3620 De
1066 3568 1118 3621 hoc
1144 3586 1226 3639 porro
1252 3569 1337 3624 nimio

275 3649 343 3704 sesti
353 3649 383 3700 in
397 3656 505 3717 pectora
517 3643 618 3697 habent
628 3643 710 3696 hodie
720 3663 784 3715 pro·
827 3645 900 3699 Sauli
911 3647 953 3700 vel
964 3645 1048 3700 Saulis
1061 3647 1170 3712 arduis,
1180 3660 1207 3700 et
1217 3650 1336 3718 periculo

274 3748 365 3795 oeres,
380 3724 428 3798 qui
448 3735 545 3794 negant
563 3741 591 3776 se
613 3741 688 3794 agere
707 3724 782 3794 quod
824 3726 938 3791 Alarici,
952 3727 1041 3790 nihil,
1057 3741 1140 3799 puto,
1156 3727 1209 3780 alii.
1226 3729 1337 3802 Captam

273 3809 391 3868 faciunt,
404 3801 551 3876 sedpacem
563 3803 781 3873 atquaconstitu·
823 3819 878 3858 non
899 3805 986 3860 multo
1005 3817 1066 3878 post
1088 3807 1186 3860 abillo
1206 3809 1334 3876 Romam,

273 3886 374 3938 tionem
386 3903 414 3937 se
426 3895 544 3936 nostiam
558 3883 643 3948 tueri,
657 3883 726 3935 serio
740 3896 780 3936 te·
823 3884 921 3937 mirum
940 3903 996 3938 non
1019 3897 1058 3940 est
1078 3887 1159 3940 taceri
1181 3907 1196 3940 a
1217 3888 1333 3944 Nostro:

273 3974 383 4020 stantun.
394 3961 726 4032 Versushipulcherrimi,
738 3981 782 4017 se·
826 3965 905 4018 etiam
919 3965 941 4017 si
954 3965 1023 4019 forte
1039 3967 1226 4038 supervixerit.
1269 3973 1274 4004 ⁵

273 4041 382 4105 tissimi,
393 4031 467 4106 (vid.
481 4041 633 4105 ΟΜΝΗ,
649 4042 685 4112 37
701 4062 742 4113 pa.
756 4055 783 4097 et
869 4048 934 4101 ²28.
944 4047 1079 4117 Τνομειιηι,
1092 4065 1142 4101 nec
1152 4045 1335 4100 immeritozsi

275 4113 325 4191 43)
334 4120 384 4177 nisi
395 4117 469 4192 quod
478 4137 575 4190 pssum
585 4117 695 4175 decebat
705 4123 784 4178 Clau·
826 4125 899 4179 enim
917 4127 954 4180 ita
971 4127 1096 4198 spoliatus
1112 4140 1152 4182 est
1168 4139 1257 4180 tantus
1271 4143 1333 4187 rex,
