3034 4900
274 469 361 540 226.
509 468 584 536 CL·
613 467 912 538 CLAUDIAM
940 469 1101 536 XXXV.

325 604 388 671 Hic
407 599 610 694 Hyperionio
628 597 736 668 Solem
759 600 801 670 de
822 601 947 669 semine
963 602 1052 668 nasci

271 713 426 791 Fecerat,
445 720 478 774 et
499 706 636 801 pariter,
652 705 709 774 sed
730 706 837 776 forma
854 705 1002 799 dispare,
1021 708 1172 794 Lunam,
1309 730 1334 772 n

271 819 407 886 Aurora
424 814 593 906 noctisque
611 811 733 886 duces:
753 811 917 883 cunabula
936 813 1060 906 Tethys

271 921 417 1008 Praebet,
436 934 469 988 et
489 919 630 987 infantes
651 922 777 1013 gremio
797 919 922 989 solatur
940 918 1093 1005 anhelos,

273 1025 505 1120 Caeruleusque
521 1026 611 1094 sinus
628 1028 731 1095 roseis
746 1026 894 1096 radiatur
908 1024 1058 1095 alumnis.

273 1133 459 1203 Invalidum
477 1131 593 1200 dextro
614 1147 726 1226 portat
739 1135 857 1202 Titana
877 1131 1001 1202 lacerto

273 1239 430 1309 Nondum
448 1237 521 1308 luce
539 1262 693 1332 gravem,
709 1264 772 1307 nec
788 1239 1046 1333 pubescentibus
1063 1235 1127 1306 alte
1312 1265 1337 1302 s.

274 1349 454 1416 Cristatum
471 1343 589 1413 radiis:
611 1345 719 1438 primo
738 1345 931 1415 clementior
949 1369 1020 1413 avo

274 1455 437 1549 Fingitur,
453 1466 486 1520 et
504 1465 654 1520 tenerum
673 1454 786 1548 vagitu
802 1451 934 1547 despuit
951 1453 1071 1545 ignem.

275 1564 374 1628 Laeva
393 1572 486 1653 parte
505 1581 599 1626 soror
617 1559 711 1627 vitrei
733 1557 889 1626 libamina
910 1571 1004 1652 potat

276 1666 411 1751 Uberis,
430 1678 462 1733 et
482 1688 587 1758 parvo
606 1666 753 1759 signatur
772 1679 920 1759 tempora
939 1688 1054 1732 cornu.

329 1770 401 1839 Tali
417 1769 561 1839 luxuriat
580 1769 690 1839 cultu:
708 1773 909 1840 comitantur
931 1784 1063 1838 euntem
1314 1800 1342 1838 ss

275 1877 414 1963 Naides,
433 1891 467 1946 et
484 1879 571 1946 socia
593 1877 716 1974 stipant
735 1878 890 1970 utrinque
908 1900 1047 1959 corona,

277 2071 384 2144 pontia,
395 2071 423 2123 in
436 2069 468 2121 iis
480 2085 538 2140 qua
551 2070 787 2139 repraesentabant,
873 2076 918 2138 49.
936 2069 1011 2120 Titan
1028 2079 1067 2120 est
1082 2066 1127 2120 Sol
1144 2086 1250 2138 genere.
1264 2067 1345 2120 Pater

277 2151 395 2204 habuere
403 2148 544 2219 imaginem
552 2147 643 2202 formae
651 2150 789 2213 naturalis3
832 2147 1344 2222 enimilliusllyperionTitanumunus.

279 2230 307 2284 id
316 2228 390 2302 quod
405 2229 545 2300 inpletura
558 2227 694 2294 laudatur,
705 2248 788 2300 quum
833 2231 869 2282 V.
886 2227 1010 2300 Apollod.
1025 2229 1057 2293 1,
1075 2248 1107 2292 1,
1125 2227 1151 2279 3.

281 2331 310 2366 ea
324 2327 367 2363 res
378 2307 494 2380 depictas
505 2304 644 2360 adrerum
656 2309 790 2380 exprimit.
876 2309 922 2362 50.
938 2309 1052 2361 Nondum
1066 2308 1117 2359 luce
1129 2326 1243 2376 mrem,
1261 2307 1346 2359 mole·

280 2393 312 2443 In
323 2389 374 2442 hac
384 2400 456 2441 veste
468 2386 588 2459 pingitur
602 2386 688 2439 Sol-et
698 2388 790 2455 Luna,
834 2400 922 2453 stum,
938 2387 1140 2440 intolerabilem.
1161 2387 1250 2438 Cristoe
1266 2405 1346 2439 orna-

281 2483 307 2545 gt
320 2469 461 2540 utriusque
474 2468 569 2519 nutrix
579 2468 689 2537 Tethys.
834 2480 956 2521 mentum
972 2464 1172 2537 capitis,radii.

322 2555 368 2613 44.
387 2548 437 2601 Hic
455 2546 535 2617 igitur
549 2547 675 2619 Hyper-ion
692 2540 792 2619 (wem
876 2546 922 2599 53.
948 2547 1057 2598 Vicum
1077 2546 1143 2597 uber
1162 2544 1300 2613 Tethyos:
1324 2545 1348 2597 is

281 2630 345 2687 Cnli
357 2642 384 2681 et
393 2628 483 2681 Terra
497 2626 584 2679 filium
596 2622 713 2689 faciunt)
723 2624 792 2679 Solis
835 2632 907 2677 enim
919 2626 998 2677 maris
1013 2626 1087 2677 color
1099 2635 1151 2687 est,
1172 2640 1204 2673 ex
1223 2620 1305 2674 viridi
1319 2638 1348 2676 et

281 2723 309 2762 et
329 2708 412 2760 Lunae
431 2719 507 2777 pater
524 2704 649 2777 ponitur;
669 2722 736 2775 quos
757 2722 792 2757 ex
835 2704 950 2758 ceruleo
960 2704 1065 2756 mixtus.
1073 2704 1139 2755 Tres
1148 2702 1278 2754 exhibent
1285 2722 1347 2773 pot·-

282 2786 366 2841 Theia
374 2784 628 2854 suscepissevolunt.
638 2782 703 2837 Vid.
712 2784 805 2857 Apol-⁸
836 2796 887 2846 tut,
900 2783 991 2836 nmcio
1004 2802 1059 2854 quo
1068 2800 1156 2835 sensu.

282 2866 337 2919 lod.
351 2864 419 2916 Bibl.
433 2864 460 2927 1,
479 2882 504 2925 ι,
519 2864 535 2915 3
548 2864 615 2927 etl,
632 2884 701 2927 m.
715 2864 793 2916 Sum·
877 2863 923 2925 54.
940 2864 1045 2915 Parvum
1060 2881 1150 2923 comu,·
1165 2863 1242 2913 Luna
1257 2865 1348 2914 corni·

284 2958 360 3018 ptum
371 2956 516 3013 utrumque
526 2962 559 2995 ex
570 2940 678 2995 Hesiodi
690 2944 792 3013 Theog.
836 2942 942 3007 colata,
961 2961 1047 3007 nova,
1069 2954 1230 3013 perpetuum
1254 2942 1349 2995 Dianas

286 3026 351 3096 371.
836 3021 942 3093 insigne
955 3036 982 3075 et
992 3018 1095 3093 dalypa.

328 3108 374 3167 to.
392 3102 479 3174 Tethys
491 3120 566 3155 soror
581 3112 620 3155 est
633 3100 795 3171 Hyperionis
880 3101 925 3155 55.
941 3104 1061 3154 Lusrtrt'm
1072 3102 1215 3155 honestum
1229 3100 1273 3153 hic
1288 3120 1349 3153 ver-

287 3181 394 3238 }lesiod.
405 3182 505 3251 Theog.
518 3199 544 3233 v.
562 3178 622 3244 136,
634 3192 716 3251 atque
726 3178 795 3234 adeo
838 3183 902 3235 bum
915 3200 971 3235 esse
980 3181 1077 3244 debet,
1095 3195 1125 3234 ut
1139 3193 1227 3254 postes
1238 3182 1348 3251 superbi,

288 3264 367 3317 amita
380 3263 476 3315 horum
487 3260 697 3331 parvorum,cui
709 3261 796 3313 nutri·
839 3274 867 3316 et
877 3262 980 3315 similia.
992 3263 1059 3327 Quae
1068 3263 1139 3314 enim
1152 3261 1230 3315 vestis
1240 3260 1349 3313 Proser·

288 3356 360 3395 catus
372 3340 417 3393 ille
426 3340 561 3393 convenit.
574 3341 622 3393 Est
633 3352 720 3393 autem
732 3360 797 3393 wn-
840 3343 911 3414 pinse
922 3342 1002 3395 nimis
1012 3355 1168 3413 sumptuosa
1179 3360 1234 3394 esse
1244 3340 1350 3411 potest?

288 3422 366 3475 manti
381 3419 475 3489 mytho
492 3419 594 3490 Tethys
613 3436 693 3473 mate.
709 3420 796 3487 Quam
883 3420 1176 3492 56.Nat'deslegendum
1187 3418 1352 3485 etiamideo,

289 3512 397 3555 venuste
407 3498 499 3569 igitur,
508 3512 534 3552 et
543 3517 607 3551 vere
617 3498 798 3553 Alexandrino
841 3501 912 3573 quod
922 3502 1030 3554 naiades
1039 3499 1266 3573 quadrisyllabum
1275 3512 1353 3566 esset,

287 3582 394 3653 lepore,
405 3576 490 3650 pingit
500 3577 580 3631 Poeta
592 3579 701 3650 Tethyn
714 3581 799 3633 solan—
840 3594 932 3634 monet
942 3581 1074 3634 Heinsius.
1085 3581 1352 3650 Caeterumperhanc

290 3676 344 3729 tem
363 3660 466 3727 infantes
484 3656 574 3712 Solem
589 3671 616 3712 et
632 3659 736 3712 Lunam
752 3680 798 3712 cn·
842 3662 1006 3715 occasionem
1017 3662 1089 3715 lacus
1099 3674 1127 3714 et
1138 3661 1249 3713 flumina
1257 3660 1353 3713 sicilia

290 3743 388 3793 laelosa
410 3755 505 3804 cursu,
528 3757 578 3793 suo
597 3742 705 3809 granum
726 3739 801 3805 Quid
842 3760 891 3795 nos
905 3740 984 3795 docet
994 3742 1083 3794 Poeta.
1093 3738 1287 3811 Fundusquasi
1298 3759 1352 3793 om·

290 3822 392 3884 notius,
411 3838 493 3891 quam
507 3818 676 3889 refrigerari,
694 3820 800 3891 requie·
843 3822 885 3874 nis
918 3819 1047 3874 doctrine
1078 3821 1208 3883 historia,
1236 3820 1354 3873 historie

289 3918 361 3952 scere
383 3898 473 3951 Solem
498 3911 525 3951 et
548 3896 634 3952 sidera
657 3899 685 3951 in
711 3900 799 3953 mari?
844 3901 1020 3972 geographia:
1035 3900 1105 3953 banc
1120 3899 1353 3971 propinantetvel

290 3978 378 4043 Quam
404 3979 549 4049 pictoriam
575 3980 699 4031 coemleum
727 3980 799 4033 illius
843 3998 899 4035 non
910 3981 1086 4034 sentientibus
1100 3981 1237 4033 insinuant
1251 3993 1354 4051 poeta,

289 4062 367 4111 sinttm
378 4057 470 4129 radiari
481 4062 553 4111 roseis
564 4060 666 4110 alumnr's
678 4072 704 4114 et
716 4080 730 4113 a
742 4078 798 4113 ma·
842 4073 875 4114 ut
889 4061 1001 4131 quisque
1014 4061 1127 4114 maxime
1139 4073 1241 4132 patrem
1255 4059 1354 4111 Home·

291 4152 333 4191 tre
345 4136 505 4190 rubentibus
520 4150 547 4189 et
560 4138 593 4191 ab
607 4138 686 4208 ignei
843 4159 903 4193 rum
919 4141 1045 4211 sequitur.
1065 4142 1121 4195 Nos
1137 4140 1182 4193 hic
1200 4140 1280 4192 etiarn
1293 4140 1354 4191 brc-
