3034 4900
472 484 609 552 LAUS
637 479 856 551 SERENAE
882 483 997 552 REG.
1194 489 1263 559 163

203 619 370 712 Augusto,
382 616 486 683 variis
508 613 644 684 Stilicho
665 627 830 708 spectatus
847 615 881 681 in
900 618 1000 684 armis

207 724 351 818 Accipit,
370 736 405 791 et
421 722 518 814 regni
536 719 629 790 dotes
646 721 769 788 virtute
789 721 926 814 paravit.
1228 771 1265 808 ,Μ

259 833 350 924 Saepe
368 827 473 896 duces
493 827 626 895 meritas
643 824 730 894 bello
745 825 891 893 tribuere
910 851 1057 898 coronas.

207 937 304 1004 Hunc
325 935 428 1027 cingit
446 931 581 1002 muralis
596 932 702 1000 honos
724 957 732 998 :
751 931 841 1000 hunc
859 933 961 1002 civica
978 960 1118 1029 quercus

207 1041 330 1109 Nexuit
346 1065 354 1107 :
372 1039 463 1107 hunc
484 1037 618 1107 domitis
638 1037 742 1106 ambit
763 1051 904 1106 rostrata
926 1040 1054 1111 carinis.

207 1144 303 1215 Solus
318 1143 442 1213 militiae
460 1145 544 1212 mira
562 1143 712 1213 mercede
727 1141 872 1237 jugalem

207 1251 395 1320 Promeruit
411 1248 567 1337 Stilicho,
589 1273 704 1318 socero
721 1248 901 1336 referente,
919 1275 1086 1322 coronam.
1230 1300 1266 1337 ns

206 1357 354 1454 Agnovit
374 1357 484 1450 patrui
502 1355 640 1424 similem
658 1355 871 1424 Thermantia
888 1381 1000 1426 curam
1021 1385 1028 1426 ε

206 1463 329 1557 Nupsit
347 1475 381 1531 et
397 1459 452 1530 illa
469 1461 561 1546 duci3
581 1461 637 1531 sed
653 1460 750 1555 longe
769 1460 836 1531 sata
853 1465 974 1532 sororis

204 1567 371 1638 Inferiore
389 1569 476 1636 tuis:
495 1565 559 1637 alio
575 1567 635 1637 tihi
655 1565 779 1635 lumine
796 1567 897 1637 trudas

206 1672 370 1744 Accendit
386 1674 538 1742 Romana
560 1672 671 1757 Salus,
689 1674 882 1766 magnisque
903 1676 1033 1744 coronis

206 1781 409 1876 Conjugium
429 1777 467 1847 fit
484 1803 562 1849 cura
580 1794 673 1849 tuum
690 1805 697 1845 ε
714 1777 853 1847 dilectus
871 1804 1048 1873 equorum,
1232 1840 1269 1882 ,ψ

250 1975 314 2027 180.
328 1973 409 2041 negat
419 1971 502 2033 dotes,
519 1989 645 2034 murima,
661 1988 719 2042 qun
763 1968 902 2041 cujusdam
914 1989 1013 2024 nomen
1025 1973 1090 2043 poni
1101 1974 1220 2044 ridetur,
1233 1979 1270 2034 isa

207 2051 376 2106 debebantur
384 2049 478 2104 domui
486 2050 563 2120 regin
572 2069 621 2121 pro
631 2049 719 2121 puells
762 2050 819 2102 fere
828 2062 860 2101 ut
869 2050 931 2102 alias
943 2051 1060 2104 Fortuna
1067 2053 1098 2106 P.
1108 2055 1139 2106 tt.
1151 2057 1218 2120 Qun
1228 2077 1269 2112 se-

209 2133 315 2203 regina.
764 2141 899 2200 quuntur,
914 2130 951 2181 ita
967 2131 1086 2202 intelligo
1102 2133 1270 2206 :conjug-itan

256 2211 370 2266 silnDe
376 2209 534 2262 militaribus
539 2209 643 2261 ooronit
650 2208 719 2261 mul·
765 2220 840 2271 tuum,
854 2208 964 2273 Serena,
975 2209 1007 2262 fit
1016 2210 1046 2262 iu
1056 2211 1201 2268 Stilichone
1211 2236 1270 2270 cura

212 2303 241 2344 to
257 2291 361 2360 ubique
374 2290 478 2342 mentio.
496 2289 584 2342 Locus
600 2287 719 2342 classicus
764 2299 792 2340 et
802 2282 1004 2340 incitamentum
1017 2295 1111 2360 magnis
1123 2299 1225 2358 corruo,
1240 2297 1271 2351 h.

211 2370 283 2422 Pliu.
302 2369 381 2432 XVI,
400 2375 431 2432 4,
449 2369 595 2440 explicatur
613 2378 639 2420 et
658 2367 719 2420 illu·
764 2386 788 2419 ο.
799 2365 833 2419 ad
847 2367 926 2420 fortia
937 2369 1004 2421 sucta
1016 2369 1160 2440 patranda,
1174 2386 1201 2427 et
1213 2393 1269 2430 ma.

210 2463 308 2505 stratus
318 2468 334 2503 u
344 2466 386 2501 me
395 2448 544 2503 Chrestom.
553 2446 621 2501 Plin.
633 2466 660 2501 n.
672 2466 719 2518 72,
763 2465 828 2518 gnon
850 2445 912 2501 iude
937 2449 1126 2519 promerendas
1148 2472 1269 2511 coronas.

209 2530 308 2584 colluto
314 2528 551 2600 pruoertimultero
559 2527 639 2581 Gellii
647 2528 684 2592 V,
692 2530 718 2579 6.
763 2527 874 2579 Dativus
892 2546 967 2581 casus
986 2533 1079 2581 oomnis
1097 2532 1202 2601 positus
1219 2554 1270 2606 pro

253 2613 319 2664 182.
331 2608 438 2661 Monta
449 2608 540 2669 Itanon
554 2624 650 2663 corona
663 2624 721 2658 ruu-
764 2607 911 2659 aooutatito
922 2624 939 2658 a
951 2608 1137 2678 propositione
1146 2612 1181 2663 ad
1188 2627 1269 2668 moto.

209 2686 720 2759 ralisiaotaiuepeoiempinuarummuri
765 2683 820 2737 Sed
829 2684 1126 2755 diguiucmihilocutus
1135 2689 1271 2747 videretur

210 2782 237 2823 et
251 2770 278 2821 ei
294 2766 419 2831 decretu,
433 2766 480 2837 qui
496 2768 599 2837 primus
613 2784 720 2819 murum
764 2764 890 2835 poeta‚ci
900 2784 950 2835 pro
958 2785 1017 2818 cora
1026 2766 1156 2837 legeretur
1168 2789 1271 2836 comm,-

210 2845 416 2903 ounsoeudimet.
764 2842 838 2914 quod
855 2862 972 2909 nomen,
992 2864 1076 2916 quum
1098 2848 1219 2905 invenire
1241 2854 1270 2905 in

254 2927 319 2981 183.
334 2926 465 2988 Rostrata,
479 2922 719 2979 coronanusslisin
764 2922 837 2975 bono
859 2923 932 2977 libro
952 2936 1087 2994 optarem,
1107 2930 1164 2981 voti
1185 2932 1272 2984 critici

210 3008 291 3060 rostri
302 3005 463 3077 speciemex
476 3022 540 3057 auro
554 3005 630 3057 lacu.
765 3020 809 3055 me
822 3014 974 3073 compotem
986 3006 1206 3062 moxobservavi.

254 3090 320 3149 184.
330 3084 445 3155 tagaton
456 3102 582 3145 ramnum,
595 3082 624 3135 h,
634 3100 657 3136 e.
669 3099 720 3133 uu·
807 3099 871 3151 ¹9⁰·
883 3084 994 3135 Dilectus
1004 3103 1115 3153 equom
1124 3085 1228 3141 indicat
1238 3090 1270 3142 il·

210 3165 321 3237 ptialem
339 3183 361 3217 s.
382 3162 582 3216 matrimonium
605 3180 620 3214 e
640 3160 721 3214 domo
765 3160 812 3215 lud
830 3160 904 3232 qtrod
921 3174 961 3215 est
979 3163 1008 3215 in
1026 3163 1114 3215 tubuls
1133 3165 1271 3221 honorum

211 3243 377 3316 neptuim,
391 3242 513 3295 militaris
529 3241 635 3295 virtutis
654 3258 721 3312 prn-
764 3240 931 3308 Stilichonia,
958 3261 1032 3293 onmes
1054 3242 1232 3298 domesticorum
1248 3260 1272 3299 et

211 3326 296 3377 mium
314 3320 453 3377 interdum
470 3322 565 3385 fnisse,
583 3318 661 3373 docet
679 3319 721 3373 hi·
764 3320 854 3372 stabuli
870 3325 941 3373 socri.
958 3318 1021 3373 vid.
1038 3322 1150 3376 Guther.
1165 3322 1200 3377 de
1215 3326 1271 3380 Off.

211 3406 291 3459 storin
306 3416 364 3455 tum
379 3420 468 3465 mors,
480 3412 537 3453 tum
551 3400 608 3454 alia.
765 3400 815 3452 Do.
828 3401 897 3471 Aug.
906 3401 947 3462 11,
964 3417 1007 3469 17.
1019 3400 1087 3454 Nam
1097 3420 1169 3455 sacra
1178 3407 1274 3459 vocan-

256 3478 722 3549 185.1lejemmrmdenhicdicitur
765 3490 811 3531 tur
836 3479 1189 3551 constantinopolitanorum
1217 3505 1272 3539 nou

214 3580 245 3615 ea
257 3564 376 3625 tutione,
389 3579 444 3633 qua
457 3560 557 3613 referre
566 3560 688 3631 gratiam.
766 3558 903 3627 largitam
916 3557 1011 3617 modo,
1025 3559 1071 3612 scd
1085 3562 1181 3614 stabula
1192 3565 1272 3617 etiam

259 3643 322 3712 187.
331 3642 398 3707 Quis
408 3638 632 3693 hicduaemsritus
640 3638 724 3691 Ther-
767 3649 795 3689 et
807 3642 934 3709 prosapta.
949 3638 1103 3692 laudantur
1120 3641 1165 3692 hio
1180 3644 1273 3712 patrio
1391 3652 1396 3662 “

213 3721 321 3773 muntia
335 3722 432 3785 luerit,
447 3738 503 3772 non
518 3728 607 3792 potest
623 3716 721 3778 hodie,
767 3734 896 3787 equorum
913 3717 1067 3788 intignium.
1085 3720 1174 3789 Atque
1188 3723 1273 3792 Argos

212 3810 247 3853 ut
262 3798 383 3868 videtur,
397 3798 506 3853 confici.
519 3798 643 3853 Barthius
656 3814 722 3849 con·
767 3794 902 3850 {nattam
913 3796 1020 3866 quidem
1027 3799 1082 3865 jam
1092 3798 1210 3851 Homero
1221 3800 1275 3855 lau·

204 3880 284 3953 jicit,
300 3878 379 3934 tuine
395 3878 602 3942 Buthroti-ium,
621 3875 655 3929 de
669 3894 723 3947 quo
768 3874 942 3944 datumll.1‚
952 3876 990 3943 75
1000 3887 1026 3926 et
1040 3873 1106 3929 258.
1118 3875 1181 3930 Vid.
1193 3880 1273 3935 vm.

202 3962 267 4017 Zor.
286 3960 322 4025 V,
339 3960 393 4029 37;
407 3958 453 4013 sod
469 3958 522 4011 leri
541 3958 621 4011 nimir
634 3957 724 4026 conje-
769 3956 900 4016 matt,
917 3970 942 4016 r,
956 3971 982 4020 9.
995 3954 1116 4025 Phrygios
1129 3955 1274 4029 hocpoet„

200 4056 290 4099 am,
769 4034 852 4086 nottri
865 4032 1031 4096 testimonio,
1043 4033 1161 4089 alietate
1172 4038 1278 4110 Vegetii

241 4124 312 4194 189.
332 4122 449 4175 nom
469 4114 543 4170 Salus
561 4116 604 4169 hic
624 4126 654 4167 ut
667 4114 729 4165 Deo
772 4131 827 4165 nou
842 4111 953 4176 remoti,
967 4112 1086 4184 intelligo
1100 4114 1280 4185 Mulom.1V‚

1055 4219 1118 4288 11²
