3034 4900
284 451 359 532 aad
512 447 587 516 CL.
617 447 922 517 CLAUDIANI
949 451 1111 520 XXXV.

279 579 396 650 Fibula
413 604 599 674 purpureos
617 605 747 675 gemma
766 580 937 675 suspendit
951 583 1101 653 amictus.

334 685 483 756 Candida
500 687 665 755 Parrhasii
685 703 759 780 post
777 687 863 756 hanc
879 688 992 782 regina
1006 677 1135 784 Lycei,

278 796 322 863 Et
340 793 536 862 Pandionias
554 817 627 887 quae
645 792 780 887 cuspide
794 795 941 890 protegit
958 819 1070 898 arces,¹

277 903 428 995 Utraque
444 901 554 994 virgo,
573 914 674 968 ruunt
691 927 698 966 :
716 900 788 969 haec
805 900 953 970 tristibus
969 925 1085 996 aspera
1100 901 1214 989 bellis3
1316 947 1327 973 ι

276 1009 356 1076 Haec
375 1005 551 1076 metuenda
569 1003 654 1074 feris.
665 1008 814 1075 Tritonia
831 1006 957 1076 casside
975 1006 1065 1076 fulva

275 1111 435 1182 Caelatum
452 1111 613 1207 Typhona
631 1113 731 1206 gerit,
750 1115 824 1208 qui,
840 1138 968 1183 summa
985 1129 1194 1209 peremptus,

274 1221 455 1316 Imaparte
473 1221 582 1312 viget,
598 1220 742 1288 moriens
761 1234 795 1288 et
809 1235 904 1314 parte
922 1235 1095 1315 superstes.

274 1329 441 1420 Hastaque
458 1322 593 1394 terribili
611 1350 748 1420 surgens
763 1351 823 1420 per
839 1325 952 1395 nubila
969 1353 1050 1423 gyro

273 1434 384 1500 Instar
399 1432 501 1500 habet
518 1430 625 1502 silvae:
645 1447 775 1501 tantum
791 1432 960 1502 stridentia
977 1430 1062 1503 colla

272 1539 449 1633 Gorgonos
465 1539 605 1606 obtentu
622 1537 716 1633 pallae
735 1537 890 1634 fulgentis
905 1541 1083 1609 inumbrat.

325 1649 370 1713 At
384 1646 501 1740 Triviae
517 1643 598 1714 lenis
614 1648 752 1740 species,
769 1660 803 1714 et
822 1645 945 1716 multus
962 1649 997 1715 in
1014 1672 1072 1716 ore

317 1830 360 1882 18.
378 1827 469 1882 nune
484 1826 643 1898 descriptio,
659 1845 718 1898 que
735 1849 781 1882 ve·
825 1828 1012 1901 qnegyrusille
1023 1830 1134 1882 terribilis
1145 1847 1224 1900 aquo
1234 1849 1336 1886 nomen

272 1907 330 1961 nari
346 1926 393 1980 per
412 1906 532 1960 Arcadia
549 1919 654 1960 montes
672 1909 779 1962 soleret.
825 1905 1201 1971 invenimerediturmntm
1212 1909 1283 1963 enim
1293 1913 1335 1965 vi·

270 1985 334 2040 vid.
351 1986 384 2040 ad
400 1987 480 2052 XXI,
497 1989 560 2041 181.
824 1989 901 2041 brare
912 1985 962 2052 est)
975 2001 1064 2061 potest
1076 1988 1185 2060 cogitari
1195 1990 1334 2061 quomodo

315 2086 360 2136 19.
370 2067 544 2130 Pandioniam
557 2065 703 2133 Pandione,
714 2069 780 2121 Ere·
823 2071 901 2119 instar
919 2070 985 2123 5110ae
1007 2069 1116 2134 habeat;
1141 2069 1335 2140 multiplicatur

272 2147 361 2201 chthei
376 2147 433 2200 lilio
452 2147 605 2201 Philomela
620 2160 647 2201 et
664 2149 781 2221 Prognes
824 2148 895 2202 enim
910 2150 944 2201 ab
957 2150 1004 2202 illo
1016 2150 1097 2202 celeri
1110 2149 1272 2203 circumactu
1285 2151 1333 2206 ba·

270 2241 357 2300 patre,
370 2228 780 2302 regenthenarum,solentpoe-
822 2243 879 2294 sta,
902 2242 930 2282 et
948 2249 1003 2283 non
1026 2249 1106 2283 unam
1126 2230 1261 2292 arborem,
1286 2229 1334 2285 sed

270 2321 303 2362 tae
316 2307 405 2360 Attica·
418 2309 508 2360 omnia
519 2326 614 2361 vocare
623 2308 779 2364 Pandionia.
822 2309 916 2361 silvam
932 2310 1056 2363 exhibet:
1072 2323 1102 2364 ut
1113 2329 1200 2381 pruna
1213 2311 1242 2363 in
1258 2322 1333 2364 tene·

270 2387 313 2440 Sic
323 2387 420 2440 Noster
429 2389 513 2453 VIII,
523 2388 575 2441 508
584 2427 591 2456 ,
601 2387 630 2439 it.
641 2389 703 2456 XV,
715 2394 778 2454 406.
821 2389 877 2441 bris
893 2389 1052 2442 circumacta
1071 2390 1201 2442 circulum
1217 2391 1332 2461 ignitum

268 2461 663 2533 Minerva,rlbaisn,nominatim
673 2472 778 2541 ἀκρόπο-
822 2469 910 2522 refert.

267 2548 369 2612 >tremui
385 2561 411 2601 et
422 2548 587 2601 Athenarum
598 2560 625 2600 et
638 2548 694 2601 alin
705 2567 778 2602 arces
863 2549 909 2601 25.
931 2548 963 2598 In
987 2559 1096 2617 pectore
1117 2546 1186 2616 gerit
1207 2547 1331 2603 Minerva

266 2646 353 2681 sacre.
819 2639 898 2696 caput
919 2624 1051 2695 Gorgonis
1071 2624 1203 2690 Medusae,
1221 2644 1331 2698 serpen·

310 2726 352 2760 ar.
380 2709 521 2759 Tricorium·
535 2724 630 2759 vocare
652 2704 776 2770 Pallada,
819 2706 889 2757 tibus
897 2704 1038 2771 crinitum;
1048 2706 1095 2776 qui
1106 2719 1241 2775 serpentes
1248 2708 1330 2761 etiam

266 2786 364 2840 Nostro
376 2786 403 2836 in
413 2787 507 2856 primis
516 2788 647 2857 frequens.
655 2786 776 2839 Nominis
819 2785 888 2837 circa
899 2796 991 2854 pectus
1001 2786 1063 2837 Deae
1074 2786 1103 2837 in
1114 2785 1273 2855 quibusdam
1283 2807 1330 2841 an·

265 2864 397 2918 rationem
413 2866 563 2917 obscuravit
580 2864 671 2944 sedula
688 2884 775 2936 gram·
819 2863 899 2935 tiquis
912 2864 1071 2935 imaginibus
1084 2863 1211 2918 videntur
1224 2886 1326 2938 repere.

266 2944 425 2997 misticorum
445 2944 585 2997 subtilitas.
603 2946 692 2997 Placet
711 2964 774 3015 geo·
797 2944 880 3019 ¹llatae
900 2942 1039 2997 stridentia
1056 2958 1083 2998 et
1102 2945 1253 3011 sibilantia,
1269 2959 1328 3000 tan·

265 3023 422 3096 graphicum
443 3038 470 3077 et
491 3024 542 3076 hoc
561 3024 697 3097 epitheton
719 3032 774 3077 esse
817 3042 897 3094 quam
904 3023 965 3076 viva
979 3024 1046 3076 colla
1059 3024 1245 3095 Gorgonisne
1258 3025 1328 3080 forte

264 3105 300 3156 ab
311 3123 389 3157 amne
400 3116 426 3157 et
435 3105 493 3157 lacu
503 3105 633 3169 Tritonis,
642 3104 668 3156 in
682 3104 774 3175 Libyae
816 3103 1003 3174 Proserpinam
1012 3116 1120 3169 terreat,
1135 3106 1205 3175 palla
1213 3105 1287 3177 tegit.

264 3185 373 3256 regione
388 3185 503 3255 Syrtica3
517 3186 593 3256 cujus
604 3183 714 3238 rationis
727 3203 773 3237 au·
859 3188 904 3239 26.
921 3183 1058 3255 Gorgonos.
1076 3184 1217 3254 Gorgones
1234 3197 1326 3237 tenue·

264 3264 773 3336 ctoripseHerod.1V,178‚coll.180.
816 3276 880 3317 runt
910 3262 1045 3316 Dorcades
1073 3264 1172 3316 insulas
1201 3265 1229 3316 in
1258 3264 1325 3317 mari

306 3363 350 3396 aa.
362 3334 551 3415 Typhona'hic,
564 3344 598 3398 de
614 3338 773 3417 Gigantibus
815 3344 985 3415 AEthiopico,
1003 3356 1030 3395 et
1044 3344 1143 3396 Phorci
1157 3343 1220 3396 filie
1234 3344 1326 3410 suere,

263 3442 361 3489 unum,
372 3423 408 3476 ita
417 3424 535 3477 calutum
545 3426 594 3490 ait,
603 3439 634 3478 ut
642 3438 772 3497 quantum
815 3422 938 3488 Medusa,
954 3422 1073 3495 Sthenyo
1087 3436 1114 3477 et
1127 3424 1249 3494 Euryale.
1265 3423 1325 3476 Pal·
1403 3451 1421 3468 ι·

263 3502 299 3557 ad
320 3523 410 3556 summa
429 3518 551 3557 mortuus
571 3504 706 3571 videatur,
725 3510 773 3557 imo
816 3502 882 3556 ludis
890 3522 942 3576 ope
950 3502 1090 3556 Medusam
1099 3502 1204 3555 domuit
1213 3503 1326 3557 Perseus
1404 3532 1411 3544 ·

259 3598 341 3655 purte,
355 3582 429 3656 quod
442 3582 474 3636 ad
486 3583 567 3657 pedes
580 3586 703 3657 anguium
716 3586 771 3637 lor·
816 3598 844 3635 et
858 3586 914 3655 ejus
929 3584 1030 3637 ferebat
1044 3594 1136 3654 caput,
1151 3600 1204 3653 quo
1220 3584 1325 3652 objecto
1402 3579 1415 3598 *

198 3702 204 3715 .
262 3682 333 3717 marn
344 3665 481 3729 habentes,
495 3678 525 3719 ut
534 3665 602 3717 nihil
614 3678 653 3718 est
663 3683 772 3735 serpen·
816 3664 938 3717 homines
954 3664 982 3715 in
996 3682 1056 3716 saxa
1074 3663 1193 3714 mutabat
1211 3680 1218 3715 ε
1237 3676 1267 3716 ut
1282 3682 1325 3717 ac·

262 3744 330 3797 tium
347 3764 442 3816 genere
458 3744 701 3815 vividius,oigeot,
721 3764 771 3796 mo·
815 3742 881 3796 cidit
913 3743 1042 3814 Seripbiis
1074 3741 1212 3794 universis.
1246 3743 1324 3796 Ratio

262 3826 325 3875 rieas
351 3825 447 3890 simul,
473 3840 499 3879 et
524 3838 612 3878 tamen
637 3826 678 3878 sui
700 3836 772 3893 parte
814 3823 910 3874 sabuae
923 3835 976 3887 est,
994 3819 1068 3893 quod
1081 3821 1199 3893 imperiti
1214 3821 1249 3874 ad
1260 3842 1324 3893 pru·

261 3900 349 3956 adhuc
362 3919 477 3975 superstes
489 3927 499 3958 .·
512 3924 610 3977 nempe
622 3924 719 3977 angues
733 3904 772 3956 illi
814 3900 926 3955 dentum
936 3920 1085 3955 sermonem
1095 3900 1183 3953 defixo
1195 3902 1271 3955 vultu
1282 3903 1324 3954 in·

261 3978 769 4039 sdlrucsinuabantursuainvolumina
814 3980 890 4034 hient
908 3994 934 4033 et
946 3992 1076 4053 stupeant.
1093 3984 1232 4052 Γοργότης,
1249 4002 1322 4046 aroc,

306 4068 350 4124 24.
369 4062 559 4130 Observemus,
574 4064 608 4119 de
621 4067 681 4119 riva
696 4067 769 4126 Dea,
813 4061 944 4133 significat
958 4062 1130 4114 truculentium.

260 4160 316 4195 non
325 4141 359 4195 de
369 4142 493 4213 imagine,
502 4146 576 4217 loqui
588 4146 705 4200 Poetam.
715 4146 768 4197 Ita·
856 4162 900 4211 ²7·
917 4142 1019 4202 Triviae,
1035 4159 1071 4193 sc.
1090 4142 1181 4194 Dianae
1199 4140 1228 4191 in
1244 4139 1322 4192 vultu
