3034 4900
276 427 350 507 240
508 423 582 490 CL.
612 421 913 493 CLAUDIANI
937 424 1097 491 XXXV.

272 556 435 640 Numina;
456 567 533 622 sunt
550 553 659 622 tristes
677 555 783 622 Furiae
802 569 835 623 te
853 555 993 649 conjuge
1015 554 1133 648 dignae.

272 661 397 729 Fratris
416 658 528 753 linque
547 659 680 748 domos;
700 659 838 729 alienam
861 659 976 729 desere
992 675 1136 748 sortem3

272 768 380 836 Nocte
399 781 456 835 tua
473 781 649 835 contentus
669 767 721 835 abi
740 793 747 834 :
769 766 848 860 quid
869 769 945 835 viva
964 764 1100 861 sepultis

271 871 462 943 Admisces?
480 886 632 941 nostrum
651 872 729 968 quid
748 875 889 968 proteris
909 872 1038 942 advena
1054 872 1235 944 muudum?
1247 903 1264 938 n

325 977 416 1047 Talia
438 978 623 1048 vociferans
640 979 754 1049 avidos
776 982 916 1050 transire
934 981 1054 1048 minaci
1100 1054 1103 1058 ³

271 1084 478 1179 Cornipedes
498 1084 645 1154 umbone
666 1086 757 1172 ierit,
778 1085 949 1182 clypeique
967 1085 1112 1154 retardat
1180 1111 1184 1121 ’

272 1191 407 1284 Objice‚
427 1193 677 1288 Gorgoneisque
699 1217 853 1287 premens
871 1191 1016 1262 assibilat
1033 1191 1163 1286 hydris,
1297 1219 1334 1256 „s

270 1301 514 1392 Praetentasque
534 1299 641 1392 aperit
658 1299 774 1370 cristas
793 1325 800 1366 :
821 1298 960 1369 libratur
978 1300 1013 1366 in
1031 1301 1134 1367 ictum

170 1469 174 1476 .
269 1406 447 1492 Fraxinus,
462 1420 495 1473 et
514 1405 628 1498 nigros
648 1403 812 1474 illuminat
832 1406 930 1474 obvia
947 1429 1083 1492 currus3

270 1511 439 1602 Missaque
457 1535 551 1605 paene
570 1509 673 1598 foret,
695 1514 730 1580 ni
751 1513 882 1606 Jupiter
902 1511 1024 1581 aethere
1042 1510 1137 1581 vulso

268 1615 428 1686 Pacificas
445 1616 537 1684 rubri
555 1619 703 1688 torsisset
724 1617 869 1687 fulminis
886 1617 970 1702 alas,
1162 1616 1167 1629 ⁸

266 1721 445 1792 Confessus
464 1747 616 1792 socerum
636 1749 644 1790 ε
668 1723 789 1794 nimbis
807 1725 1005 1817 Hymenaeos
1023 1723 1142 1794 hiulcis
1294 1757 1333 1795 ,ιο

267 1944 376 1996 mmm
386 1941 536 1994 nominarat
545 1959 572 1995 v.
586 1941 778 2011 Spq—Lethes
823 1942 868 1996 Sic
878 1943 1067 2014 intelligimus,
1080 1942 1254 2008 contraxisse,
1266 1960 1332 1994 oon·

267 2027 381 2085 numina,
400 2022 429 2074 b.
448 2040 472 2074 e.
491 2020 648 2074 interorum.
662 2022 779 2074 Flumina
822 2022 956 2078 sumsisse
971 2036 1049 2077 antea
1061 2024 1181 2089 mbram,
1193 2039 1274 2093 quam
1286 2021 1332 2075 bic

268 2095 368 2175 (quod
387 2102 487 2154 babent
506 2096 609 2164 multi)
636 2101 778 2155 femineam
823 2103 918 2174 aperit.

267 2201 408 2256 personam
419 2179 561 2245 sustinere,
571 2199 628 2234 nou
639 2183 760 2236 memini.
871 2201 935 2253 ²²7·
949 2184 1088 2245 Fraxinus,
1105 2183 1134 2236 b.
1151 2202 1174 2236 e.
1190 2183 1264 2235 basta
1277 2180 1331 2235 tti-

311 2280 374 2316 aao.
390 2261 483 2314 Sortem
499 2261 568 2314 banc
586 2259 780 2317 declaravimus
822 2263 992 2328 aeramine
1004 2275 1129 2334 respectu
1138 2261 1173 2316 ad
1183 2259 1330 2316 materiem.

268 2341 303 2397 ad
316 2342 451 2403 xxxm,
471 2358 530 2394 roo.
562 2405 566 2412 ἢ
822 2342 935 2396 Fulmen
947 2356 987 2396 est
998 2345 1053 2413 jam
1067 2344 1214 2408 vibratum,
1227 2345 1279 2412 jam
1290 2343 1330 2413 ja·

311 2441 376 2476 aaa.
394 2423 511 2485 rmore,
531 2421 636 2493 injurio
650 2422 779 2489 verbum,
821 2419 968 2476 eulandum
989 2443 996 2474 z
1017 2424 1106 2493 itaque
1125 2423 1180 2493 jam
1199 2422 1332 2476 illuminat

268 2504 406 2573 conculcas
421 2522 428 2556 ι
443 2502 535 2556 advena
548 2514 575 2555 et
589 2504 678 2574 ipsum
692 2502 779 2573 signat
821 2502 928 2573 fulgore
939 2521 988 2556 suo
1001 2520 1120 2555 cunum.

267 2585 409 2656 iujuriam,
426 2601 481 2636 non
499 2580 641 2647 dominus,
659 2599 693 2633 ue
711 2582 778 2635 civis
862 2586 927 2637 228.
948 2583 1052 2635 AEttm
1065 2582 1145 2643 vulso,
1159 2580 1287 2633 convulso
1302 2594 1331 2634 et

268 2664 378 2737 quidem
397 2680 573 2735 superorum,
594 2659 642 2715 sed
661 2659 778 2726 advena,
820 2661 896 2731 quasi
915 2660 1027 2731 dirupto
1049 2681 1057 2711 r
1077 2660 1170 2713 culum
1190 2659 1279 2729 rumpi
1302 2674 1330 2715 et

266 2744 430 2817 peregrinus.
818 2740 886 2792 rima
897 2738 1013 2813 quadam
1022 2739 1120 2811 aperiri
1131 2736 1241 2793 videtur
1252 2758 1267 2793 a
1272 2740 1329 2806 sul·

311 2829 377 2887 ast.
393 2820 571 2895 Synonymioe
580 2821 638 2873 hare
649 2818 778 2873 dicuntur
819 2822 890 2882 tabu,
907 2820 952 2873 eui
963 2819 1009 2873 hic
1018 2817 1127 2890 pacificas
1140 2819 1188 2870 alae
1202 2816 1328 2872 tribuun-

268 2904 416 2967 intomet
430 2901 507 2972 clypei
518 2900 612 2969 objice:
626 2899 697 2973 hydri
709 2899 776 2953 Gor·
820 2911 879 2964 tur,
902 2898 965 2971 quia
990 2899 1050 2970 ipso
1077 2912 1180 2952 tenore
1201 2911 1229 2951 et
1249 2898 1329 2952 minis

264 2989 339 3055 gouel
345 2982 424 3037 etiam
432 2992 493 3034 sunt
500 2982 527 3033 in
536 2980 632 3051 clypeo
639 2978 777 3045 Minervio,
819 2978 952 3050 quietem,
966 2997 1074 3051 pacem,
1089 2979 1211 3049 nuptias,
1225 2996 1328 3031 amores

266 3082 333 3137 qnos
343 3063 424 3116 babet
433 3059 548 3115 Medusa
557 3060 648 3131 Gorgo
660 3078 711 3130 pro
723 3059 777 3113 cri·
819 3056 970 3112 denunciat
986 3058 1015 3112 Si
1029 3059 1126 3112 nostris
1140 3058 1259 3111 moribus
1275 3059 1328 3113 boc

267 3146 356 3199 nibus.
568 3182 573 3197 ,
818 3139 884 3192 velis
896 3138 1108 3201 accommodare,
1125 3136 1198 3191 dieas
1209 3138 1262 3191 hoc
1275 3138 1327 3190 tu}-

310 3228 374 3278 πθ.
390 3221 483 3275 Crista
495 3222 553 3273 illus
565 3220 645 3291 galea
657 3236 712 3272 suu
723 3232 777 3273 ter·
820 3237 880 3272 rnen
902 3218 982 3272 fuisse
1003 3219 1088 3272 simile
1108 3218 1161 3272 illis
1183 3217 1327 3272 tonitribus

265 3304 357 3358 sibiles
368 3306 444 3373 aperit
454 3297 777 3365 Minerraooncutiendo‚
818 3299 1020 3371 fulguribusque
1040 3311 1097 3352 arte
1118 3297 1209 3361 factis,
1231 3296 1327 3369 quibus

269 3396 300 3437 ut
310 3384 422 3454 majores
429 3382 506 3446 flant,
518 3379 590 3433 etsie
596 3378 739 3451 praetendit,
749 3392 778 3432 et
819 3378 901 3432 bodie
913 3380 942 3432 in
956 3380 1047 3433 cannis
1060 3392 1088 3432 et
1101 3378 1274 3432 munimentis
1285 3377 1327 3430 vi·

268 3464 342 3517 velut
356 3462 470 3515 intentat
484 3459 611 3531 equia-
622 3459 776 3511 Humanum
819 3460 925 3524 ctoriae,
935 3460 1049 3524 natales,
1061 3457 1163 3528 nuptie
1174 3474 1268 3527 regum
1282 3474 1327 3509 oe·

266 3562 358 3618 passus
370 3553 410 3595 est
421 3558 539 3593 summus
549 3540 604 3603 vir,
616 3557 699 3610 quum
710 3557 776 3591 con·
818 3539 962 3591 lebrantur.
976 3570 1017 3581 -
1031 3538 1136 3591 AEtlam
1148 3556 1238 3589 summo
1252 3537 1325 3607 mdg.

265 3625 328 3678 tulit
346 3640 407 3677 cum
423 3620 537 3673 lectione
553 3621 696 3689 surrupuit
708 3618 776 3671 illud
813 3621 892 3688 jusso,
906 3620 996 3688 lapsam,
1009 3620 1070 3670 celso
1079 3616 1154 3669 MSS.

268 3698 778 3769 xx1v,168.1bienimu0mamvetar
869 3698 933 3750 230.
957 3698 1041 3751 trinta·
1062 3697 1135 3749 hiulci
1156 3709 1219 3748 sunt
1242 3696 1327 3748 nubes

266 3804 310 3835 sua
322 3783 437 3853 Gorgone
446 3780 544 3843 Pullos,
555 3779 584 3832 b.
595 3796 617 3830 e.
629 3777 705 3848 tegit,
716 3796 776 3830 mu·
818 3774 905 3829 densas
914 3777 948 3829 ab
958 3777 1021 3847 igne
1029 3776 1165 3847 fulgur-tim
1174 3774 1290 3846 disjectas
1299 3787 1327 3827 et

265 3864 307 3914 nit
321 3881 327 3915 :
343 3862 387 3916 bic
399 3856 588 3914 consternandi
602 3870 663 3910 sunt
673 3857 776 3925 objecta
817 3854 928 3908 hiantes.
945 3857 1062 3908 Flamma
1079 3869 1142 3910 sunt
1156 3874 1207 3927 pro
1225 3852 1335 3908 facibua'

265 3954 293 3993 et
311 3941 438 3995 intentato
459 3940 538 3993 crista
559 3937 622 4009 equi
641 3936 772 3989 Plutonis.
816 3935 998 4006 nuptialibus,
1011 3936 1326 3989 sieuttouitruumsouus

264 4022 379 4073 Texerat
402 4021 524 4071 Minerva
551 4028 631 4088 eaput
656 4013 774 4067 Medusa
816 4032 867 4085 pro
882 4015 1024 4086 timaeo,
1040 4036 1062 4070 s.
1075 4029 1157 4071 cantu
1170 4028 1197 4070 et
1209 4013 1325 4083 strepitu

263 4117 369 4173 suprav.
380 4098 415 4153 2⁵
427 4116 434 4152 :
448 4095 772 4165 boenuncobjieitequis.
816 4094 938 4165 nuptiali.
