3034 4900
412 451 483 520 DE
509 451 585 522 el.
615 447 947 520 CLAUDIANO.
1132 446 1207 534 335

135 611 207 658 non
227 585 335 657 luben
356 581 476 654 dicere.
501 584 565 654 Per
584 595 772 676 temporum
795 581 957 652 rabonem
979 579 1050 653 fieri
1072 584 1207 676 potuit:

135 694 195 763 diu
219 694 306 762 enim
333 690 523 786 supervixit
548 691 703 758 Testante
723 690 890 773 Gesnero,
909 711 1017 780 neque
1039 687 1208 772 barthius,

135 823 245 894 neque
257 797 415 870 Nicolnus
425 795 582 868 Heinsius
592 848 602 882 ,
611 793 676 864 bac
689 794 742 864 usi
762 807 841 864 sunt
853 792 1013 877 editione,
1023 792 1081 863 sed
1095 793 1208 866 lauda-

134 919 216 975 runt
231 930 304 974 eam
317 903 512 998 Isingrinius
532 900 725 970 Basileensis
743 899 897 970 editionis
918 913 1072 986 curator,
1090 915 1124 974 et
1135 901 1207 972 Cla·

133 1013 247 1082 verius
262 1011 418 1081 Parisinae
434 1006 552 1078 editor.
566 1008 644 1103 Ipse
658 1009 827 1077 Gesnerus
843 1007 1039 1075 varietatem
1057 1007 1206 1098 lectionis
1322 1045 1331 1080 .:

133 1117 332 1186 Viennensis
350 1114 523 1209 diligenter
537 1113 702 1201 enotavit,
716 1112 840 1183 fatetur
855 1113 1124 1208 tamen-ingenue
1141 1116 1206 1209 spi·

133 1221 257 1320 cilegio
280 1222 390 1293 locum
412 1245 483 1291 esse
504 1218 665 1290 relietum.
693 1221 834 1294 Camers
854 1243 935 1288 vero
957 1215 1000 1288 ad
1021 1221 1205 1291 Victoriam

132 1329 260 1400 Stilich.
282 1344 399 1399 contra
417 1325 585 1396 Alaricum
607 1327 743 1396 scribit:
769 1327 984 1398 Correximrcr
1004 1349 1050 1396 eo
1070 1343 1207 1397 uetusto

130 1437 326 1532 exemplari
341 1449 414 1505 toto
429 1458 440 1502 .·
455 1439 492 1503 io
507 1434 579 1502 alio
594 1437 822 1502 ornaturum
841 1432 978 1518 Codice,
993 1457 1093 1528 quem
1109 1434 1209 1530 apud

129 1543 263 1614 Aldrun
289 1545 352 1612 Ro.
379 1540 574 1634 mmmmm
603 1541 751 1612 Tomari.
781 1539 883 1609 Unde
910 1539 988 1608 huic
1016 1538 1152 1610 editioni
1184 1565 1204 1608 a

130 1651 289 1719 Camerte
305 1646 417 1717 addita
435 1659 514 1716 sunt
530 1644 671 1716 antebac
687 1644 836 1716 nondum
854 1647 1012 1740 impressa
1030 1672 1037 1712 ε

291 1867 444 1928 Claudiani
463 1869 525 1927 laus
539 1867 822 1928 Christi—Proles.

291 2013 297 2024 .
321 2010 328 2024 .
351 2012 357 2024 .
380 2009 387 2024 .
409 1967 550 2027 miracula
564 1965 682 2026 Christi.
697 1965 883 2043 -Angelus

291 2109 297 2120 .
320 2107 327 2122 .
350 2107 358 2122 .
380 2109 387 2121 .
408 2063 510 2124 landes
523 2064 668 2122 Herculis.
682 2061 885 2122 -Pieridum

289 2160 465 2221 Claudianus
478 2161 509 2218 in
523 2160 650 2220 Sirenas.
662 2193 703 2202 -
717 2161 817 2218 Dulce.

186 2383 295 2457 1511.
318 2387 483 2455 Parisino
500 2387 517 2455 1
536 2409 543 2453 ε
567 2385 615 2458 Cl.
637 2383 827 2457 wolon
842 2387 1061 2481 Proserpina
1079 2404 1200 2484 raptio

124 2517 202 2563 cmo
229 2495 315 2559 Iani
333 2490 517 2560 Parrhasii
540 2497 793 2564 commoturus
820 2490 867 2560 ab
894 2518 935 2563 eo
961 2501 1202 2588 castigatiore

123 2604 223 2669 aucti
238 2603 435 2667 accessione
452 2599 635 2671 mmonm
652 2620 764 2667 renem
785 2604 923 2692 cognitu
942 2599 1132 2693 dignorum.
1147 2638 1199 2653 -

123 2707 165 2775 ln
194 2706 263 2775 imo
287 2705 410 2799 insigni
436 2704 636 2799 typographi
667 2705 864 2800 inscriptum
889 2720 940 2777 est
964 2707 1034 2800 ejus
1057 2730 1197 2795 nomen,

127 2815 259 2883 Porrcet
270 2814 320 2883 te
333 2816 468 2895 erem,
484 2825 556 2881 turn
571 2809 722 2881 additum
736 2836 743 2879 :
762 2812 1014 2884 Vemmdontur
1028 2838 1054 2883 a
1070 2818 1198 2885 Pomm

115 2916 233 3012 probo
248 2918 446 3013 Bibliopolas
464 2924 501 2987 m
517 2916 650 2987 cedibus
665 2922 884 2990 Potistanoei
900 2936 1141 2991 commorante.
1156 2924 1197 2995 In

124 3022 191 3094 line
202 3014 434 3118 :impressum
452 3027 597 3094 Parnm
607 3048 674 3122 per
687 3024 879 3095 Aaronom
896 3029 1121 3113 Bounemere‚
1137 3030 1197 3097 im·

124 3131 235 3223 pensis
252 3133 370 3200 Pontii
385 3134 430 3201 le
442 3135 570 3203 Preuo
589 3136 697 3201 Anno
709 3133 851 3201 Domini
862 3134 1113 3206 MCCCCCXI.
1132 3136 1197 3205 Die

123 3260 205 3307 vero
225 3238 347 3305 XVIII
367 3238 570 3307 Decembris.
592 3238 654 3307 Est
674 3238 709 3305 in
729 3234 807 3308 bibl.
831 3240 952 3331 Gymn.
972 3240 1045 3334 Bip.

182 3340 292 3427 1514.
310 3342 542 3437 Erplmrdiae:
558 3343 677 3413 Claud.
699 3343 741 3413 de
759 3346 799 3413 R.
819 3346 908 3413 Pros.
932 3385 985 3397 -—
1007 3347 1041 3415 in
1060 3346 1196 3417 officina

124 3448 285 3519 Industrii
299 3450 435 3519 loannis
451 3452 612 3546 Cnappii‚
631 3453 674 3535 [ις
690 3474 791 3545 quam
811 3476 912 3546 penes
930 3450 1030 3547 ampl.
1046 3456 1194 3523 Durium

125 3556 335 3625 Hannoverae
350 3579 421 3624 esse
436 3555 537 3628 refert
551 3558 728 3627 Gesnerus.

182 3657 291 3757 1517.
315 3666 428 3732 Porri.
447 3664 482 3734 ll
498 3688 505 3730 :
521 3662 563 3733 de
577 3665 617 3731 R.
636 3665 728 3733 Pros.
747 3688 775 3731 c.
794 3665 980 3733 Comment.
1000 3664 1192 3749 Parrhasii,

124 3788 185 3855 per
205 3769 254 3837 Jo.
276 3769 555 3854 Gounnontium‚
576 3772 618 3855 4,
639 3794 681 3839 ex
700 3772 776 3842 Cat.
801 3766 884 3839 Bibl.
907 3771 1033 3839 Bunav.

183 3870 291 3945 1518.
307 3876 400 3970 Lips.
418 3873 459 3945 de
477 3876 518 3943 R.
539 3877 692 3970 Proserp.
709 3880 743 3960 4.
760 3877 969 3945 Memoratur
989 3877 1023 3943 in
1046 3878 1119 3946 Cat.
1140 3880 1193 3947 Bi·

124 3972 241 4047 bliotb.
256 3978 336 4050 clari
349 3981 508 4066 Ernesti,
518 3980 631 4051 forsan
642 3980 758 4051 eadem
770 4006 848 4053 cum
866 3980 920 4051 illa
936 4008 961 4052 s.
975 4006 1004 4051 a.
1020 3984 1082 4055 sub
1093 3982 1194 4055 finem

124 4084 228 4152 aetatis
244 4087 273 4152 1.
