3034 4900
446 437 516 505 ns
542 438 718 507 anano
745 442 956 512 carino.
1181 416 1259 543 79'

160 574 241 639 Post
256 568 359 664 Alpes
376 570 449 662 jam
467 584 587 639 cuncta
606 570 667 640 sihi
690 574 841 665 promisit
861 591 1008 669 apertus,

160 675 218 746 Nil
237 700 413 769 superesse
435 689 526 745 ratus
548 701 555 743 :
575 692 749 771 postquam
771 694 822 749 tot
839 680 977 752 flumina
998 685 1126 779 pulsus,

161 785 349 876 Cinctaque
368 782 561 851 fluminibus
578 784 704 853 crebris
722 799 774 853 tot
795 790 915 857 moenia
934 792 1061 878 cernit3

159 892 229 958 Tot
245 889 374 957 subitos
388 887 532 983 pedites,
547 892 695 983 equiturn
711 906 762 960 tot
775 896 936 987 conspicit
952 896 1043 985 alas,

160 998 269 1089 Seque
283 993 378 1063 velut
389 993 539 1064 clausum
557 994 696 1091 laqueis,
711 998 773 1066 sub
791 1014 925 1094 pectore
943 1002 1056 1077 firrtim
1182 1040 1229 1093 ,47⁵

162 1102 310 1188 AEstuat,
332 1116 366 1170 et
383 1103 522 1170 nimium
541 1125 648 1194 prono
668 1103 799 1174 fervore
820 1108 930 1200 petitae

161 1210 237 1276 lam
255 1208 349 1302 piget
365 1206 494 1294 ltaliae,
515 1223 711 1303 sperataque
732 1214 839 1280 Roma
862 1218 967 1283 teneri

163 1315 245 1382 Visa
262 1313 404 1407 procul:
423 1316 536 1408 magni
553 1314 696 1385 subeunt
710 1318 782 1410 jarn
797 1318 892 1387 taedia
913 1324 1021 1416 coepti.

161 1418 320 1489 Occultat
341 1435 453 1489 tarneu
474 1446 533 1489 ore
553 1436 697 1510 metum,
716 1425 906 1519 primosque
927 1452 1061 1497 suorum

163 1524 363 1596 Consultare
378 1526 474 1620 jubet
492 1525 585 1596 bellis
603 1530 763 1623 annisque
784 1532 954 1603 verendos.

164 1632 329 1726 crinigeri
346 1632 460 1701 sedere
475 1647 607 1727 patres,
627 1633 740 1731 pellita
754 1639 916 1708 Getarum

163 1739 288 1807 Curia:
307 1764 390 1832 quos
411 1738 515 1834 plagis
534 1740 671 1810 decorat
689 1766 866 1815 numerosa
884 1748 1037 1833 cicatrix,

164 1846 207 1912 Et
230 1844 388 1915 tremulos
403 1849 490 1941 regit
505 1846 601 1915 hasta
619 1849 763 1943 gradus,
777 1867 811 1921 ct
826 1854 942 1922 nititur
956 1854 1029 1924 altis

164 1952 229 2019 Pro
246 1950 365 2022 baculo
379 1955 488 2021 contis
505 1978 575 2022 non
589 1971 757 2025 exannatu
771 1974 930 2031 senectus.

166 2058 227 2125 Hic
245 2056 362 2152 aliquis
378 2060 513 2153 gravior
529 2075 611 2129 natu
625 2114 635 2147 ,
653 2065 707 2131 cui
724 2062 865 2158 plurima
883 2067 962 2136 dicti
1189 2098 1228 2141 rra

119 2163 126 2178 ’
168 2162 366 2258 Consiliique
379 2164 475 2254 fides,
492 2165 622 2236 defixus
640 2167 764 2237 lumina
781 2186 893 2260 terrae,

169 2345 255 2416 (ΨΜ
266 2344 387 2412 (licendi,
397 2366 447 2419 qut
458 2361 525 2402 astra
537 2352 673 2416 verticefe-
717 2352 847 2411 dicuntur
868 2355 903 2409 de
923 2359 1002 2413 rebus
1019 2376 1085 2431 quas
1104 2362 1226 2432 speraba-

169 2430 215 2478 rr'rr
229 2426 271 2480 rel
285 2427 363 2498 digito
377 2440 474 2501 tangere
489 2428 617 2484 dicuntur
635 2430 673 2486 fe·
717 2454 792 2500 mus,
807 2449 833 2488 et
850 2456 917 2510 quas
932 2436 976 2491 vix
992 2438 1120 2512 attingere
1134 2461 1226 2512 possa.

166 2507 236 2560 ΗΜ·
251 2505 314 2559 vid·
331 2527 355 2560 V·
374 2508 441 2570 34¹·
716 2535 785 2568 mus.
799 2517 942 2588 Virgilius,
957 2518 1053 2572 AEneid
1070 2521 1126 2585 VI,
1137 2528 1187 2574 61:

204 2592 271 2656 ⁴7²·
283 2589 373 2640 Pudor
380 2627 389 2651 ‚
404 2607 544 2660 percussus
555 2590 674 2643 novitate
714 2601 760 2640 lm
774 2604 852 2642 tendens
863 2603 925 2643 lutis
934 2604 1026 2656 fugientis
1034 2607 1148 2658 prendimus
1158 2621 1210 2646 ores.

162 2667 676 2735 rdetinspmracoeditioneuommo·
747 2675 1225 2748 diltssrt'nesprolixietpellesntrum·

163 2746 537 2813 ut&mehtildi-(lwt-120·
550 2767 591 2812 ¹⁰,
601 2772 612 2792 ¹
622 2749 674 2803 Νι·
715 2771 768 2825 que
786 2755 889 2826 insigne
905 2756 1025 2826 gentium
1045 2759 1227 2813 barbararum.

163 2829 481 2900 memmpdsaeentit
491 2841 554 2894 ·;ut
565 2828 602 2882 id.
613 2829 672 2884 Fin.
715 2836 756 2886 De
768 2835 880 2906 pellibus,
892 2835 927 2894 V.
939 2855 973 2906 79
984 2857 992 2902 3
1008 2837 1036 2890 it.
1047 2839 1135 2903 VIII,
1149 2843 1224 2904 4663

163 2907 239 2972 H,c.
251 2927 298 2961 ro:
309 2935 322 2957 ι
331 2909 420 2962 surus
427 2927 482 2961 non
493 2907 604 2963 dolendi
611 2911 672 2962 nul·
714 2928 741 2966 et
753 2915 833 2972 ΠΙ,
852 2916 922 2978 203,
936 2915 1094 2982 habuimus,

161 2987 219 3039 lm
236 2987 317 3040 hahet
330 2988 430 3053 ictum,
447 3007 504 3060 quo
517 2989 600 3059 pellet
614 2989 672 3042 mi.
759 2993 865 3044 artuum
877 2993 971 3034 flaventes
981 2996 1054 3034 restire
1065 3009 1126 3046 reges.
1269 3065 1270 3068 Ἴ

161 3085 248 3119 mun.
258 3093 271 3114 ι
287 3068 422 3123 Percussit
438 3069 558 3122 animun
573 3068 672 3121 Alarici
757 3067 822 3128 484.
836 3065 911 3118 cosei
923 3085 979 3124 non
989 3066 1115 3120 videntur
1128 3066 1225 3120 diversi

161 3164 330 3200 nostrerum
337 3149 427 3214 lucia,
435 3160 476 3201 tot
483 3149 562 3200 nrbes
568 3148 674 3218 capien-
715 3145 748 3196 el)
757 3147 832 3196 itastis
842 3165 851 3198 :
863 3145 904 3198 bis
913 3143 983 3198 idern
994 3145 1077 3208 dixit,
1088 3159 1118 3198 ut
1125 3146 1225 3200 indicet

161 3224 221 3292 dn,
241 3238 282 3280 tot
298 3226 450 3300 superanda
468 3228 594 3292 flumine,
612 3241 673 3280 ante
714 3243 772 3276 rem
782 3225 928 3286 insolitem,
942 3227 1103 3278 serisserisrn
1117 3245 1171 3278 non
1186 3229 1224 3280 uti

161 3323 242 3377 quern
262 3307 373 3361 Romam
393 3306 549 3379 adspirandi
565 3307 673 3361 incultas
715 3304 793 3357 venia
806 3305 903 3370 urstis,
915 3323 964 3376 pro
978 3306 1078 3358 baculis
1091 3318 1117 3358 et
1129 3307 1226 3378 scipio·

160 3383 250 3439 detur.
258 3391 302 3440 An
310 3389 368 3442 lrnc
378 3406 441 3440 rera
448 3389 514 3451 sint,
523 3406 556 3439 sn
565 3401 619 3440 tem
626 3387 675 3439 im·
714 3384 794 3437 nibus
805 3381 918 3456 gradum
930 3385 1037 3440 finnus
1046 3385 1135 3439 hastis.

162 3464 294 3537 prudens,
310 3480 366 3520 tarn
380 3468 479 3520 inscius
492 3467 673 3538 geographie,
750 3463 1227 3528 485.Graviornatu:rirocuidamve·

163 3558 216 3598 tarn
226 3547 355 3600 barbarus
367 3545 485 3617 deniqne
500 3547 581 3599 luerit
590 3547 675 3601 Alari·
715 3544 825 3596 nerabili
834 3545 967 3598 Alaricum
973 3544 1132 3612 deterrenti,
1143 3547 1223 3598 uNon

164 3641 228 3688 ens,
238 3645 293 3680 non
303 3626 424 3699 disputo.
435 3624 592 3691 Sedrideo,
603 3627 673 3680 hanc
715 3642 765 3694 ego
783 3625 890 3689 volens,
908 3625 944 3677 sit
961 3627 1096 3689 Alaricus,
1112 3628 1224 3678 liornuru

165 3702 205 3755 illi
213 3705 414 3778 ὶγιηρψσίαιν
426 3705 472 3758 laic
482 3707 574 3759 tribui.
715 3716 795 3774 peto:
809 3702 855 3758 sed
869 3703 979 3776 quidam
992 3705 1111 3776 quotidie
1123 3704 1156 3756 ad
1167 3723 1224 3767 rue,

208 3790 273 3853 477.
300 3787 473 3859 Sperataque:
499 3787 622 3856 sperabat
644 3805 673 3838 se
716 3783 813 3856 Perge,
826 3797 851 3836 et
861 3787 973 3836 Romam
981 3783 1116 3838 destrues
1128 3783 1226 3836 Cluve-

164 3880 230 3914 mox
250 3864 357 3919 nomm
375 3866 454 3919 velut
476 3885 557 3919 manu
578 3879 673 3937 ceptu-
715 3865 903 3919 rius-Fides
922 3865 981 3916 dicet
997 3865 1126 3934 pertinet,
1144 3874 1224 3932 puto,

161 3961 226 3994 rum
240 3960 307 3994 me:
321 3944 366 3999 sed
376 3965 409 4001 er
420 3948 477 4017 jun
491 3945 585 4016 procul
597 3944 672 3999 vide·
717 3942 753 3995 sd
770 3941 925 3996 historiorrn
945 3941 1040 4008 fidem3
1061 3943 1168 4006 consilii,
1190 3943 1225 3995 ad

161 4035 221 4084 tur,
243 4023 319 4094 quasi
338 4025 494 4091 recederem
514 4024 587 4078 nude
599 4026 675 4078 illum
720 4023 903 4076 auctoritatem
920 4039 951 4074 ex
967 4022 1093 4093 opinione
1106 4021 1225 4095 pruden-
1312 4021 1314 4026 '

160 4100 240 4156 redet
277 4103 384 4178 incepti.
407 4107 530 4177 Fugere,
553 4103 677 4158 recedere
721 4106 765 4157 tite
778 4121 828 4156 usu
841 4103 964 4157 collecte.
