3034 4900
539 404 856 519 niortmun
884 450 973 518 νιν.
1210 448 1287 547 359

220 586 316 650 Justa
336 578 455 674 quibus
477 580 598 675 rapidae
618 581 716 650 cessit
737 582 922 649 reverentia
943 581 1102 667 ssammae,

274 690 319 755 Et
339 687 457 755 mirata
479 710 579 781 vagas
600 684 744 782 reppulit
761 688 860 756 AEtna
880 685 976 757 saces.

221 791 396 887 Complexi
414 794 566 863 manibus
583 792 685 863 fultos
702 794 832 863 cervice
850 808 1022 887 parentes,
1101 830 1105 835 ·

274 897 439 969 Attollunt
458 899 589 987 vultus,
606 898 858 993 accelerantque
876 898 1006 995 gradus.

222 1004 402 1075 Grandavi
422 1008 553 1101 gemina
572 1004 729 1075 sublimes
746 1003 841 1101 prole
859 1005 1028 1093 feruntur,

275 1114 320 1180 Et
339 1135 416 1181 cara
437 1127 532 1180 natos
550 1111 741 1218 implicuere
762 1136 864 1181 mora.

222 1214 344 1285 Nonne
363 1217 475 1303 vides,
493 1232 531 1286 ut
549 1242 634 1287 saera
652 1244 752 1289 senex
770 1217 921 1287 incendia
938 1218 1124 1289 monstret?

275 1324 324 1393 Ut
344 1324 473 1420 trepido
493 1325 637 1418 genitrix
657 1326 789 1395 invocet
811 1350 869 1394 ore
888 1322 1002 1395 Deos?

221 1430 336 1500 Erexit
352 1429 495 1499 formido
516 1456 667 1519 comam,
684 1456 810 1527 perque
828 1455 928 1501 omne
945 1427 1115 1503 metallum

221 1634 252 1675 nt
258 1634 376 1693 putatur,
384 1622 419 1678 de
431 1623 534 1678 mundo
548 1644 629 1679 aureo
640 1626 732 1679 libello
774 1645 900 1697 generasse
905 1628 960 1695 pios
969 1625 1118 1677 eckberrimu
1124 1626 1222 1691 fratres.
1231 1625 1288 1676 Au-

221 1719 246 1755 c.
263 1706 291 1767 6,
303 1703 352 1757 uhi
364 1716 425 1775 post
436 1704 603 1759 mentionem
613 1704 733 1759 incendii
775 1724 833 1761 son.
855 1704 889 1759 de
909 1705 1006 1758 Urbib.
1023 1706 1075 1767 XI,
1096 1724 1126 1775 p,
1146 1711 1200 1773 ²49
1217 1704 1287 1757 Toll.

221 1783 331 1847 AEtnui,
350 1810 361 1831 ι
372 1772 436 1838 lietu
451 1784 493 1838 uui
512 1786 541 1837 τὸ
561 1792 610 1839 νῦν
625 1783 732 1839 tietuini
776 1782 935 1838 ambustorum
943 1786 1052 1852 fratrum
1063 1787 1153 1857 pietate
1173 1784 1285 1835 celebrem

220 1864 288 1932 γένος
310 1864 398 1932 ἐξόχως
419 1864 519 1935 tripart
539 1868 567 1918 τὸ
588 1861 732 1937 δαιμόνιον,
776 1878 861 1919 vocat.
870 1864 999 1920 Memoria
1008 1864 1049 1919 rei
1056 1875 1110 1917 tam
1118 1863 1229 1935 insignis
1237 1883 1291 1917 ser·

219 1944 478 2014 σιρικοτοληφοίντσν
488 1945 537 1998 ὑπὸ
548 1950 591 1998 τοῦ
601 1946 731 2017 pulpas-ce,
776 1958 835 1999 vata
846 1946 874 1997 in
887 1945 978 1999 multis
988 1944 1172 1998 Catinensium
1183 1945 1287 2009 numia,

219 2017 267 2074 διὰ
286 2027 315 2076 τὸ
335 2024 468 2089 βσστάζιιν
489 2026 604 2096 γέροντας
622 2026 664 2078 ἐπὶ
683 2032 731 2078 τῶν
777 2044 844 2097 qnos
855 2026 978 2078 collectos
989 2022 1081 2077 ridere
1093 2024 1156 2076 licet
1168 2024 1196 2074 in
1209 2024 1287 2077 Gess-

221 2100 294 2173 &pus
302 2107 396 2175 γονιῑς,
408 2105 451 2158 καὶ
461 2104 557 2166 σώζειν·
568 2106 675 2162 Πλησίον
685 2104 732 2176 γὰρ
776 2105 886 2158 neriano
898 2122 980 2176 opere
989 2104 1056 2157 Τὼ.
1071 2102 1116 2156 3ο.
1127 2103 1225 2156 Noster
1234 2103 1287 2155 hoc

221 2183 302 2234 αὐτῶν
314 2184 440 2253 γινόμενος
454 2186 520 2237 leot
532 2186 606 2255 πυρὸς
619 2187 732 2255 ποταμὸς
777 2185 826 2239 sibi
841 2185 870 2236 in
888 2184 983 2255 primis
998 2182 1126 2255 sumpsit,
1142 2194 1173 2235 ut
1187 2182 1230 2235 vel
1245 2181 1287 2253 pi-

222 2260 349 2328 ίξοσχίοθν
363 2264 541 2335 captapulum
557 2266 586 2316 τὸ
602 2266 646 2333 pls
661 2266 732 2330 tutu,
776 2262 1286 2327 etamintahulahanchistorium,rel
1324 2286 1335 2295 -

201 2402 206 2413 .
222 2340 251 2391 τὸ
260 2335 288 2391 ‹l’
298 2342 366 2406 latr,
375 2342 417 2396 aut
425 2343 539 2413 οτήρνσνν
549 2340 666 2405 &macele
677 2345 733 2414 ἅμα
777 2362 926 2415 expressam
935 2342 1037 2409 statuis,
1045 2342 1157 2413 pulchra
1165 2341 1287 2412 ecphrasi

221 2420 273 2481 τοῖς
286 2423 459 2492 persteterit<
472 2424 620 2486 νοσνίσνους.
633 2424 734 2495 Insigni
776 2422 935 2488 illustraret,
963 2423 1006 2476 rel
1031 2422 1162 2496 pictorem
1189 2432 1287 2476 statua·

220 2499 325 2554 honore
352 2501 441 2555 affecit
468 2503 577 2557 Piorum
605 2503 733 2558 familiam
776 2501 1287 2574 rinmreduminstruerevidetnr,poe-

221 2581 309 2649 Deus,
319 2581 353 2636 ab
364 2581 423 2654 ipso
434 2581 547 2636 flumine
556 2583 624 2654 ignis
636 2583 731 2656 depre-
777 2596 831 2636 tam
841 2583 986 2658 reprobet,
998 2595 1025 2636 et
1034 2580 1102 2636 illud
1110 2583 1287 2635 Horatianum

220 2660 378 2724 hensorum,
390 2662 465 2735 qnod
473 2681 548 2717 senes
559 2663 677 2716 humeris
684 2681 732 2736 pa·
776 2663 898 2736 exemplo
905 2663 1006 2728 firmet,
1014 2664 1141 2733 utpictura
1147 2665 1225 2731 poeste
1232 2665 1285 2713 erit.

221 2751 309 2793 rentes
324 2741 448 2795 servandi
462 2761 541 2796 causa
555 2743 731 2798 sustulissent.
776 2743 862 2815 Igitur
877 2761 966 2796 coram
981 2761 1010 2796 se
1020 2741 1098 2812 fingit
1112 2741 1288 2812 contemplari

221 2819 313 2886 Quum
331 2821 404 2874 enim
419 2825 474 2894 jum
491 2841 578 2899 prope
590 2821 649 2875 illos
665 2835 733 2876 esset
776 2837 888 2887 statuas,
902 2835 928 2876 et
938 2819 1079 2878 ostendere
1086 2821 1153 2876 aliis.
1163 2821 1223 2875 Huc
1231 2840 1289 2893 per·

221 2911 326 2953 torrens
344 2901 429 2972 ignis,
448 2901 564 2955 diffissus
584 2901 649 2955 hinc
669 2901 733 2956 inde
776 2905 844 2956 tinet
858 2901 981 2974 primum
998 2901 1088 2956 statim
1104 2902 1215 2954 verbum
1231 2920 1288 2954 car·

221 2997 250 3032 se
264 2980 374 3043 avertit,
388 2994 415 3034 et
430 2977 573 3053 (tanquam
586 2981 615 3033 in
629 2973 731 3050 insula)
777 2983 873 3047 minis,
886 2983 1002 3052 Adspice,
1018 2995 1069 3034 etc.

221 3060 337 3113 cenavit
352 3060 445 3115 mesos
463 3081 516 3115 unu
534 3080 596 3115 cum
614 3063 732 3133 parenti·
819 3069 844 3126 4.
857 3060 1053 3116 laudatissima
1065 3060 1227 3132 metaphora
1239 3061 1288 3113 bo·

221 3139 273 3192 bus
288 3137 474 3195 adolescentes.
486 3167 497 3189 ι
508 3142 571 3195 Non
585 3141 682 3195 oblitus
694 3155 733 3194 est
776 3144 818 3196 nis
827 3139 977 3214 judicibus,
987 3159 1047 3212 quc
1058 3157 1165 3194 sensum
1178 3151 1205 3192 et
1215 3157 1287 3192 men-

221 3217 274 3272 hac
281 3219 393 3273 historia
402 3240 482 3274 suum
491 3219 527 3274 de
535 3223 617 3275 AEtna
625 3240 733 3274 carmen
777 3234 832 3274 tem
846 3205 996 3275 inaninlatis
1009 3220 1129 3286 tribunt,
1144 3230 1174 3271 ut
1186 3218 1231 3271 hic
1243 3224 1287 3269 mi·

222 3315 353 3352 exornare
364 3300 477 3354 Severus
488 3320 538 3354 ar.
550 3304 617 3354 621.
628 3301 734 3354 Habent
778 3315 833 3354 ratu
843 3301 925 3355 AEtna
936 3300 1080 3373 pulchrum
1094 3297 1160 3352 adeo
1173 3309 1200 3352 et
1212 3299 1287 3370 pium

222 3377 320 3444 etiam,
336 3393 366 3433 ut
383 3380 417 3433 de
434 3381 491 3435 aliis
507 3395 621 3442 taceam,
638 3381 734 3434 Strabo
778 3381 966 3454 spectaculum.

223 3457 282 3522 VI,
293 3479 320 3530 p.
339 3461 390 3515 185
409 3474 475 3515 extr.
489 3461 537 3512 ubi
553 3453 692 3531 lpqircpcu
708 3473 734 3514 et
820 3461 845 3514 5.
863 3461 949 3512 Fultru
969 3457 1067 3512 dicitur
1082 3457 1177 3530 aliquis
1194 3477 1225 3510 ea
1241 3477 1287 3519 re,

223 3529 337 3593 Ᾰνασίσν
347 3540 407 3593 illos
416 3541 545 3593 nominat.
559 3534 599 3593 De
609 3541 736 3593 varietate
780 3541 807 3592 in
819 3559 871 3612 qua
884 3537 972 3602 sedet,
987 3551 1017 3591 ut
1029 3539 1057 3590 in
1072 3539 1178 3592 throno.
1191 3535 1233 3588 Sic
1248 3537 1289 3601 X,

222 3617 295 3674 circa
308 3621 422 3690 patriam
441 3633 468 3674 et
483 3621 593 3674 nomina
607 3619 662 3673 vid.
678 3619 734 3672 Sal·
783 3617 833 3672 152
845 3619 905 3685 ,loc
918 3623 1020 3688 nuuqat
1028 3630 1092 3670 ostro
1105 3617 1180 3670 Fulta
1190 3617 1290 3668 Venus:

221 3715 288 3751 mas.
304 3697 337 3752 ad
349 3698 423 3752 Solin
439 3721 467 3773 p.
481 3701 532 3770 78,
544 3720 571 3762 a,
587 3712 613 3752 et
628 3719 671 3753 νν.
686 3717 734 3752 no.
781 3712 807 3752 et
822 3700 926 3762 XXIV,
944 3716 1014 3767 199,
1027 3698 1087 3750 solio
1100 3698 1180 3763 saleru
1193 3695 1290 3748 eburno.

223 3775 258 3829 ad
271 3777 359 3832 Valer.
378 3780 448 3832 Max.
462 3781 499 3845 V,
519 3786 535 3842 4
551 3793 602 3832 ext.
625 3786 649 3843 4.
665 3780 734 3832 Pau·
821 3799 848 3850 7.
865 3777 988 3840 Sublimis,
1003 3777 1050 3848 qni
1064 3775 1177 3848 pedibus
1193 3787 1291 3828 terrum

222 3858 309 3911 sanias
330 3859 412 3913 Phoc.
434 3881 455 3912 s.
470 3860 511 3925 X,
529 3861 582 3924 28,
597 3859 736 3912 historiam
781 3878 835 3912 non
851 3858 979 3927 attingere
994 3867 1095 3927 potest,
1109 3867 1139 3908 ut
1153 3855 1180 3906 in
1195 3873 1292 3908 comm·

222 3939 304 3992 habet
315 3953 344 3993 ut
355 3941 492 4012 Lycurgus
506 3941 563 3992 sine
572 3939 735 3992 nominibus.
782 3937 840 4004 diis,
853 3939 901 4010 qui
915 3937 1024 3988 sublimes
1035 3940 1160 4005 rapiuntur
1175 3935 1216 3988 rel
1230 3939 1292 4006 urri-

223 4017 328 4072 Urbem
337 4019 477 4084 Catinam,
488 4021 538 4073 Gr.
552 4020 687 4084 Κοιτοίννν,
702 4021 738 4071 ita
779 4024 887 4088 pluuntur.

223 4099 309 4171 signat
332 4099 379 4154 Sil.
399 4101 477 4160 XIV,
505 4118 567 4170 197,
587 4101 623 4152 Et
647 4099 738 4152 Catane
828 4117 871 4152 tr.
891 4097 1033 4168 Nunquam
1051 4095 1203 4165 pulchrior,
1223 4113 1293 4148 nun·

361 4216 366 4227 .
1071 4191 1139 4273 23⁴
