3034 4900
276 426 347 522 ¹7⁸
512 423 917 493 cnenauotsm
943 426 1089 493 xxxi.

271 563 356 648 Qnae
375 558 467 628 saevis
482 554 611 648 objecta
629 555 736 642 Getis,
753 579 826 648 quae
841 557 969 626 Saxona
983 556 1107 643 frenat,

271 663 333 734 Vel
353 665 489 732 Scotum
511 659 612 755 legio;
631 675 762 754 quantae
776 663 907 732 cinxere
924 662 1079 746 cohortes
1307 707 1332 744 so

270 774 460 855 Oceanum3
482 781 606 861 quanto
627 781 766 861 pacatur
784 767 887 838 milite
908 768 1068 838 Rhenus:

271 881 371 948 Casta
385 875 521 957 domus,
542 875 668 942 sincera
684 871 782 961 fides,
799 874 960 944 industria
977 872 1100 944 sollers.

271 983 380 1076 Elegit
401 979 561 1050 Stilicho:
579 977 660 1048 nihil
677 979 765 1048 ultra
785 978 936 1050 laudibus
952 979 1036 1050 add?

271 1093 289 1158 J
292 1089 443 1158 udiciove
460 1098 578 1180 potest.
591 1083 661 1154 Tali
680 1085 826 1156 nubente
840 1085 950 1182 puella

271 1195 392 1264 Nonne
407 1193 465 1261 tibi
484 1215 612 1272 cessare
632 1191 747 1262 nefas?
767 1192 833 1262 duc
855 1194 1006 1287 protinus
1022 1217 1157 1281 omues,
1308 1227 1334 1276 „s

272 1304 348 1370 Duc
366 1323 426 1394 age
444 1324 451 1366 :
472 1311 657 1367 marcentes
676 1300 774 1394 cupio
794 1322 950 1392 quassare
967 1323 1128 1386 coronas,

271 1411 315 1476 Et
334 1405 465 1474 vibrare
482 1403 585 1490 laces,
603 1417 636 1472 et
653 1420 786 1474 noctem
808 1404 930 1474 ducere
948 1404 1036 1475 ludo.

270 1517 352 1582 Haec
370 1535 500 1605 quoque
521 1534 589 1578 non
609 1507 706 1578 vilem
727 1510 808 1580 mihi
829 1510 939 1581 fistula
960 1511 1282 1599 commodatum,

270 1623 484 1713 Responsura
499 1616 618 1685 choris.
631 1645 648 1680 n
658 1617 725 1684 Vix
739 1616 811 1689 baec
826 1619 1024 1711 Hymenaeus
1039 1644 1047 1685 :
1063 1633 1097 1686 at
1116 1616 1170 1686 illa

271 1723 431 1794 Fontibus
448 1711 738 1816 abluitur'gelidis,
753 1721 924 1818 legemque
939 1722 1056 1818 capillo

272 1829 411 1916 Reddit,
430 1843 464 1896 et
481 1841 633 1899 omatum
653 1827 790 1898 formae:
810 1827 972 1924 prelisque
986 1828 1101 1900 solutae

273 1939 362 2006 Mira
377 1937 515 2006 Dioneae
536 1934 636 2004 sumit
651 1933 816 2004 velamina
829 1934 912 2004 telae.

273 2041 425 2133 Floribus
444 2041 624 2110 exstruitur
642 2064 759 2110 currus
774 2067 784 2129 ;
802 2041 882 2135 juga
903 2042 1038 2112 floribus
1054 2040 1188 2129 balant;

277 2147 392 2218 Florea
414 2170 597 2243 purpureas
619 2145 799 2216 adnectunt
815 2147 908 2216 frena
926 2147 1105 2218 columbas.

327 2255 484 2348 Undique
498 2267 702 2322 concurrunt
714 2252 884 2336 volueres,
898 2279 1115 2349 quaecumque
1125 2255 1286 2324 fremente
1302 2284 1340 2323 ‚a

203 2353 207 2360 ’
275 2359 486 2430 Permulcent
503 2359 639 2427 Athesin
654 2355 768 2441 cantu,
786 2385 867 2455 quas
886 2363 1000 2430 Larius
1017 2361 1127 2449 audit,

318 2580 364 2651 93.
379 2580 457 2644 Haec,
468 2591 499 2631 nt
509 2576 629 2631 dicebam
643 2574 677 2629 ad
686 2595 713 2628 v.
731 2580 786 2646 67,
831 2578 913 2630 latinis
922 2579 1025 2629 dominae
1034 2578 1101 2649 qood
1108 2582 1184 2630 serica
1193 2582 1268 2649 prelis
1282 2580 1339 2652 Spi-

277 2661 322 2714 vix
341 2658 467 2712 videntur
486 2658 565 2711 scribi
584 2656 702 2727 potuisse
725 2670 788 2729 post
831 2657 1340 2723 rant.·hmmien.XXVIII‚4‚Sotntis

279 2758 367 2811 capum
380 2737 533 2791 Stilichonia
545 2749 571 2789 et
584 2737 646 2789 vivo
657 2734 786 2789 Honorio.
827 2740 952 2807 pressoriis
965 2748 1043 2787 ‘uestes
1060 2737 1111 2788 luce
1126 2740 1225 2789 nitentes
1237 2741 1340 2793 arbitra.

279 2817 331 2873 Sed
347 2815 454 2888 quando
470 2834 605 2881 versamur
623 2814 652 2867 in
673 2816 789 2869 tenebris
830 2817 865 2869 Et
881 2828 969 2867 tamen
984 2816 1051 2867 mihi
1065 2816 1093 2867 in
1108 2818 1163 2869 Dea
1181 2836 1236 2868 non
1251 2818 1339 2888 plaoet

280 2918 294 2951 a
308 2899 367 2950 luce
377 2895 548 2949 historiarum
561 2894 662 2954 relicti,
676 2914 730 2948 non
742 2894 790 2948 de·
830 2912 941 2965 operosa
953 2895 1010 2947 haee
1026 2895 1194 2949 machinatio.

282 2990 343 3033 suut
357 2977 406 3029 vim
420 2994 468 3047 per
481 2977 646 3045 conjecturas
657 2974 789 3029 elabendi.
875 2992 939 3027 ror.
955 2976 1048 3027 Dionea
1071 2976 1133 3039 tela,
1150 2994 1230 3048 quam
1252 2978 1342 3030 Dione

322 3062 369 3128 96.
378 3054 459 3121 Quod
466 3054 532 3109 dicit
538 3064 666 3105 mercantes
676 3074 789 3121 comitas,
832 3066 916 3109 mater
927 3055 1027 3108 Veneri
1041 3068 1149 3108 neverat
1160 3068 1340 3128 renueretque.

282 3136 397 3201 indicat,
408 3155 436 3188 se
444 3136 598 3189 continuare
608 3132 675 3185 velle
683 3134 791 3207 nuptia·
877 3135 939 3188 105.
960 3135 1091 3187 Luxuriat
1106 3155 1180 3189 more
1198 3156 1246 3189 suo
1260 3136 1341 3188 Poeta

282 3218 334 3271 lem
357 3215 532 3279 hilaritatem,
548 3212 613 3266 dum
631 3226 792 3267 marcescant
833 3215 862 3267 io
878 3212 1037 3268 advocandis
1050 3227 1077 3267 et
1087 3213 1276 3287 congregandis
1290 3234 1341 3268 un·

283 3298 317 3349 ab
333 3308 397 3349 aestu
418 3308 444 3347 et
463 3312 562 3365 vapore
580 3308 724 3361 corporum
746 3312 792 3346 co-
834 3292 918 3364 dique
929 3295 997 3347 circa
1009 3296 1142 3347 Venerem
1155 3296 1262 3359 avibus,
1278 3296 1341 3365 pnl-

284 3392 365 3427 ronse.
834 3372 1017 3439 chritudinis‚
1043 3374 1177 3435 levitatis,
1204 3374 1343 3427 salacitatis

325 3456 372 3523 98.
394 3452 490 3504 Fistula
507 3452 549 3503 vel
570 3450 684 3523 Syrinx,
697 3452 725 3505 in
740 3469 792 3523 qua
836 3471 914 3507 causa
926 3491 934 3517 ‚
947 3454 1011 3505 huic
1025 3453 1149 3525 choragio
1160 3454 1236 3525 aptis.
1256 3454 1341 3505 Porro

284 3529 476 3604 compingenda
488 3532 739 3601 occupatumVenns
748 3529 793 3585 de·
837 3549 916 3603 aquas
935 3532 1018 3585 ltalia
1037 3534 1148 3605 Alpibus
1172 3532 1266 3585 vicine
1284 3550 1341 3586 me-

284 3611 479 3687 prehenderit,
491 3628 517 3663 v.
536 3610 583 3665 st.
836 3625 937 3675 morat,
947 3624 977 3664 nt
986 3610 1086 3665 iudicet
1093 3614 1121 3665 in
1132 3612 1175 3665 illa
1184 3625 1276 3684 parte,
1287 3612 1344 3665 Me·

329 3711 390 3747 101.
400 3692 440 3744 De
449 3692 603 3761 hocgeuere
610 3690 677 3761 preli
685 3690 745 3745 Seu.
757 3689 793 3743 de
836 3689 937 3745 diolani
949 3692 1034 3757 forte,
1049 3693 1094 3744 ubi
1112 3704 1170 3744 tum
1186 3690 1260 3758 sula,
1273 3695 1342 3746 oele·

285 3771 455 3843 Tranquillit.
471 3771 522 3823 An.
541 3787 571 3822 1:
593 3796 605 3816 ι
623 3770 683 3823 Non
700 3788 734 3823 ex
749 3788 792 3824 ar·
836 3772 923 3825 bratus
935 3789 990 3823 esse
1001 3773 1114 3842 nuptias.

285 3850 343 3903 culs
356 3852 458 3921 prolata
470 3849 562 3915 vestis,
576 3868 630 3903 nou
644 3850 716 3903 mille
727 3869 793 3921 pou·
879 3854 944 3903 106.
958 3850 1075 3913 Athesis,
1090 3853 1195 3912 Latius,
1215 3850 1340 3913 Remoto,

286 3927 395 3982 deribus
403 3943 450 3983 aut
455 3930 594 3983 tormentis
602 3929 740 4001 splendere
752 3948 794 3983 co·
836 3930 957 3992 Mincius,
975 3943 1037 3982 sunt
1049 3929 1161 3984 totidem
1172 3929 1283 3984 flumina
1296 3941 1343 3983 aut

286 4006 407 4079 gentibus
422 4026 518 4078 pressa.
540 4034 551 4055 ι
568 4011 599 4061 In
616 4010 689 4061 suari
709 4008 793 4061 odore
835 4008 908 4062 lacos
926 4008 1020 4061 Gallie
1039 4010 1200 4081 Cisalpinae,
1220 4029 1266 4063 seu
1289 4011 1341 4061 Ita·

285 4084 458 4141 describendo
464 4088 544 4140 Mart.
556 4088 611 4152 XI,
622 4108 652 4156 9,
667 4090 723 4139 «De
733 4089 794 4140 Pol·
835 4088 907 4151 licse‚
922 4086 956 4141 de
968 4088 1066 4159 quibus
1075 4108 1165 4160 supra.
