3034 4900
294 412 343 481 80
545 412 617 479 CL.
645 411 934 481 CLAUDIANI
961 412 1106 485 XXVI.

292 541 560 633 Concutiensque
575 564 723 626 comam,
741 539 925 636 capuloque
943 539 1077 610 acclinis
1095 539 1238 611 eburnos

348 674 366 711 5
376 647 412 716 si
426 670 567 715 numero
582 672 651 716 non
671 646 789 733 fallor,
805 648 868 733 ait,
883 648 1046 717 tricesima
1062 649 1167 717 currit

292 757 415 823 Bruma
434 751 518 839 sere,
535 752 687 848 rapidum
699 768 874 848 postquam
894 756 1098 823 tranavimus
1113 757 1256 841 Istrum,

292 862 543 954 Romanamque
560 882 696 928 manum
713 862 815 930 tantis
828 858 992 931 eludimus
1012 861 1115 929 annis.
1318 886 1358 937 tu

291 966 357 1036 Sed
375 982 555 1058 numquam
574 967 711 1035 Mavors
729 965 812 1035 adeo
831 967 1027 1035 constrinxit
1046 967 1080 1034 in
1097 981 1226 1035 arctum

292 1076 376 1159 Res,
394 1070 545 1158 Alarico,
562 1084 644 1141 tuas.
662 1075 726 1142 Per
742 1087 793 1142 tot
814 1073 993 1142 certamina
1011 1073 1113 1142 ducto
1145 1142 1148 1153 ,

284 1178 401 1251 .Crede
422 1178 514 1265 seni,
531 1179 635 1271 quite
651 1192 766 1248 tenero
781 1179 854 1247 vice
871 1180 974 1274 patris
987 1179 1030 1249 ab
1048 1204 1119 1248 aevo

292 1288 466 1356 Gestatum
490 1306 594 1377 parva
615 1284 728 1354 solitus
745 1285 870 1354 donare
891 1285 1066 1381 pharetra,

291 1394 400 1486 Atque
420 1404 535 1485 aptare
553 1391 670 1459 breves
689 1392 836 1461 humeris
858 1390 1037 1487 puerilibus
1055 1414 1161 1461 arcus.
1316 1418 1357 1469 ⁴9⁵

292 1502 385 1593 Saepe
402 1496 536 1591 quidem
558 1496 681 1565 frustra
699 1499 836 1585 monui,
855 1512 1004 1567 servator
1025 1513 1064 1567 ut
1081 1500 1135 1567 icti

292 1603 437 1673 Foederis
454 1603 608 1672 Emathia
622 1618 716 1672 tutus
735 1602 853 1673 tellure
873 1628 1033 1675 maneres.

292 1710 357 1779 Sed
379 1711 534 1804 quoniam
557 1708 670 1779 calida
689 1711 801 1805 rapuit
817 1724 851 1779 te
874 1710 1007 1779 flamma
1025 1710 1190 1804 juventa,

290 1820 390 1886 Nunc
412 1813 550 1904 saltem,
573 1818 600 1885 si
621 1839 702 1885 cura
719 1816 780 1886 tibi
801 1829 913 1885 manet
933 1814 1001 1883 ulla
1015 1830 1171 1903 tuorum,

292 1924 352 1991 His
365 1920 515 1992 claustris
529 1920 651 2008 evade,
667 1947 804 2016 precor;
818 1922 963 2015 dumque
978 1924 1109 2016 agmina
1127 1920 1244 2015 longe,
1318 1950 1357 1989 55.

292 2032 383 2099 Dum
402 2028 493 2116 licet,
511 2030 677 2123 Hesperiis
696 2052 843 2123 praeceps
864 2026 994 2096 elabere
1015 2031 1130 2114 terris,

290 2139 344 2206 Ne
362 2161 450 2206 nova
468 2135 609 2230 praedari
626 2138 780 2230 cupiens,
799 2148 833 2203 et
850 2148 944 2229 parta
962 2152 1127 2229 reponas,

291 2245 485 2338 Pastorique
504 2241 601 2337 lupus
623 2240 785 2310 scelerum
803 2240 922 2311 delicta
944 2244 1094 2336 priorum

292 2352 385 2418 Intra
401 2363 492 2443 septa
514 2346 595 2417 luas.
619 2346 710 2434 Quid
728 2346 871 2442 palmitis
889 2347 971 2415 uber
987 2350 1139 2433 Etrusci,

293 2455 383 2545 Quid
402 2455 483 2522 mihi
498 2455 608 2522 nescio
629 2476 727 2545 quam
747 2456 885 2547 proprio
900 2479 977 2523 cum
990 2453 1123 2522 Tibride.
1140 2457 1281 2522 Romam
1319 2481 1356 2520 555

334 2640 399 2706 489.
415 2636 476 2688 Non
490 2653 539 2706 ego
552 2635 680 2688 suaserim
693 2653 803 2706 poeseos
847 2635 985 2706 ipsiusque
999 2635 1133 2702 Maronis,
1146 2635 1227 2689 Geor.
1241 2638 1270 2701 1,
1286 2643 1355 2704 491,

293 2715 435 2771 candidato
443 2714 642 2786 dicere,nequc
651 2728 712 2786 post
720 2715 803 2768 Clau·
846 2715 892 2786 qui
912 2715 969 2786 ipse
988 2715 1061 2770 locut
1081 2732 1130 2767 nos
1148 2713 1289 2770 admonere
1305 2735 1356 2787 po·

292 2796 417 2860 dianum,
427 2796 503 2846 currit
515 2793 614 2857 brumas
625 2797 720 2848 bruma
730 2794 804 2848 enim
847 2806 911 2862 test,
922 2812 1001 2865 quam
1009 2795 1125 2848 multum
1135 2795 1186 2848 sibi
1196 2795 1225 2848 in
1236 2797 1356 2848 locorum

293 2874 350 2929 dies
365 2887 411 2928 est.
427 2872 504 2944 Saepe
519 2873 635 2945 imponit
648 2874 803 2928 hominibus
847 2887 873 2927 55
904 2874 1044 2945 regionum
1072 2875 1227 2928 nominibus
1254 2887 1356 2930 5555555

292 2953 372 3020 illud,
386 2951 461 3026 quod
479 2965 571 3025 tropos
586 2965 684 3025 putant
700 2954 803 3025 simpli·
846 2952 1015 3008 indulserint.
1033 2953 1152 3008 Alaricus
1174 2967 1258 3008 totam
1280 2954 1356 3008 Grat-

292 3035 359 3089 citer
376 3052 477 3105 ponere
494 3051 591 3087 nomen
610 3053 661 3105 pro
675 3035 803 3100 nomine,
846 3035 914 3089 ciam
928 3053 990 3088 cuin
1006 3035 1124 3088 exercitu
1137 3054 1185 3088 suc
1199 3047 1355 3108 pervagatus

293 3133 353 3187 que
371 3132 413 3167 555
433 3113 506 3166 mille
524 3125 611 3186 potest
630 3132 724 3184 perere
744 3114 803 3166 ine·
847 3114 941 3168 iuerat.
960 3115 1083 3168 Suaserat
1105 3113 1185 3186 igitur
1198 3135 1293 3180 senex,
1308 3115 1355 3187 qni

294 3196 369 3267 ptius.
387 3193 504 3249 Gladium
518 3193 704 3264 intelligimus,
718 3213 802 3265 quum
845 3193 890 3248 hic
896 3195 1028 3266 loquitur,
1041 3195 1122 3247 utilla
1130 3207 1251 3249 tueretur
1257 3195 1355 3269 potius,

292 3273 417 3328 eudimus
432 3293 580 3336 murenam,-
594 3271 641 3326 sed
658 3291 750 3326 nonne
764 3273 802 3326 ri·
846 3293 925 3345 quarn
937 3276 1006 3328 ultre
1019 3273 1148 3328 tenderet.

293 3353 397 3408 diculus
405 3354 530 3418 inerit,si
539 3353 599 3426 quis
609 3352 801 3419 dicat,Quanti
887 3357 952 3422 498.
971 3355 1031 3408 Non
1045 3367 1150 3425 poteret
1166 3353 1242 3408 valde
1250 3353 1355 3426 juvenis

293 3431 652 3488 emistihuncmucronem?
846 3445 903 3486 turn
928 3452 983 3487 5555
1001 3434 1136 3498 Alaricus,
1160 3434 1181 3488 si
1207 3435 1260 3504 jam
1275 3433 1356 3486 XXX

334 3521 399 3582 490,
422 3514 577 3567 Eludimtu:
599 3531 656 3566 non
676 3525 731 3565 tem
750 3531 801 3585 pu·
845 3513 909 3565 anni
925 3525 999 3578 sunt,
1011 3533 1042 3566 ex
1055 3532 1110 3584 quo
1123 3517 1220 3567 15555555
1234 3511 1355 3578 transiit,

292 3613 417 3666 gnsmm,
431 3611 511 3664 quam
524 3591 672 3657 eludimus,
685 3611 741 3645 non
754 3611 801 3646 au·
845 3606 876 3645 ut
891 3611 917 3646 v.
941 3595 997 3656 488
1018 3592 1128 3647 dictum.
1150 3591 1202 3645 Sed
1218 3603 1355 3664 septuage-

292 3673 384 3728 dentes
404 3691 497 3725 manus
519 3673 630 3744 propius
654 3691 801 3726 conserere.
844 3673 920 3725 nario
930 3674 1009 3727 etiem
1024 3675 1130 3743 juvenes
1142 3669 1267 3725 videntur
1277 3671 1356 3744 quin·

333 3760 399 3824 497.
411 3753 552 3804 Emathiam
564 3753 685 3805 tellurem
696 3771 751 3804 nou
765 3752 800 3804 vi·
846 3753 1017 3823 quagenerii,
1033 3765 1084 3806 etc.

293 3833 371 3886 detur
378 3850 479 3904 ponere
488 3852 538 3903 pro
546 3831 734 3904 illepinguiori
741 3831 800 3884 Ma·
887 3833 952 3886 502.
968 3833 1089 3904 iteponere
1098 3832 1144 3885 hic
1156 3827 1228 3886 idern
1242 3851 1297 3884 esse
1306 3830 1353 3885 (15-

293 3911 411 3966 eedonire
438 3912 595 3983 particula:
620 3909 666 3966 5551
693 3912 801 3965 licentia
846 3913 906 3978 bet,
932 3912 1006 3983 quod
1030 3911 1181 3985 deponere,
1201 3910 1353 3966 dimittere:

294 3990 634 4064 poeteitaextendere‚uti
640 3989 801 4046 Thessaliam
847 3993 1009 4046 contrarium
1020 4005 1094 4063 parta
1109 3995 1177 4044 555νί.

293 4069 801 4143 maximeintelliget‚exemploLnoani,
890 4072 1353 4144 505.Miltiponiturornatusceusn.
