3034 4900
243 494 313 588 198
452 495 527 564 CL.
556 492 860 562 CLAUDIANI
887 493 1080 562 XXXIII.

236 626 396 696 Audierat
412 625 567 696 mandata
585 639 696 720 pater,
714 649 892 720 secumque
910 622 1038 695 volutat

237 735 395 803 Diversus
413 733 536 804 ducens
554 733 700 820 animos,
717 757 790 827 quae
807 730 873 802 tale
891 746 1047 826 sequatur

238 841 457 934 Conjugium,
475 841 647 934 Stygiosvo
666 837 745 909 velit
762 864 824 933 pro
843 836 911 908 sole
928 863 1084 912 recessus.

237 948 338 1016 Certa
356 948 534 1041 requirenti
550 943 685 1014 tandem
703 947 865 1015 sententia
881 944 974 1014 sedit.

290 1057 444 1124 Hennaeae
462 1054 576 1123 Cereri
594 1050 703 1147 proles
721 1066 836 1148 optata
852 1050 980 1120 virebat
1058 1103 1061 1108 -

236 1161 361 1248 Unica3
379 1185 441 1254 neo
459 1159 574 1229 tribuit
587 1157 738 1228 'sobolem
756 1159 886 1228 Lucina
904 1157 1101 1245 secundam,

235 1267 397 1360 Fessaque
415 1281 490 1362 post
507 1266 631 1360 primos
647 1265 815 1335 haeserunt
830 1266 957 1351 viscera
975 1280 1089 1361 partus

120 1363 124 1368 ¹
235 1371 418 1444 Infeounda
435 1372 586 1466 quidem3
605 1370 662 1442 sed
680 1373 808 1441 cunetis
826 1371 922 1442 altior
939 1385 1046 1441 exstat
1249 1405 1284 1442 ..s

162 1493 163 1498 ’
235 1477 418 1565 Matribus,
436 1493 469 1548 et
486 1479 615 1547 numeri
635 1477 794 1547 damnum
815 1480 1014 1573 Proserpina
1033 1494 1159 1573 pensat.

235 1586 331 1654 Hanc
349 1584 458 1671 fovet,
473 1585 561 1653 hanc
576 1585 734 1680 sequitur.
752 1583 900 1654 Vitulam
918 1609 987 1654 non
1007 1583 1159 1654 blandius
1176 1585 1282 1654 ambit

235 1691 345 1759 Torva
366 1715 504 1785 parens,
520 1689 749 1786 pedibusquae
770 1690 918 1761 nondum
937 1693 1078 1786 proterit
1097 1715 1194 1778 arva,

235 1796 307 1866 Nec
328 1821 413 1865 nova
435 1795 555 1866 lunatae
572 1799 725 1867 curvavit
745 1799 894 1892 germina
911 1798 1038 1866 frontis.

221 1937 227 1944 ·
248 1900 267 1952 ’κ
287 1904 361 1970 Jarn
381 1904 489 1972 vicina
508 1917 583 1972 toro
601 1902 707 1998 plenis
726 1902 916 1973 adoleverat
935 1905 1030 1972 annis
1264 1935 1301 1974 n·

278 2111 343 2162 119.
373 2091 499 2146 Formula
526 2093 639 2150 Diversos
664 2095 748 2147 ducere
835 2099 898 2150 126.
908 2093 989 2162 Quod
997 2092 1193 2148 deestnttmero
1202 2093 1301 2149 libero·
1355 2113 1359 2118 ·

237 2175 352 2237 numos,
377 2173 524 2246 exprimere
549 2173 656 2228 ridetur
679 2173 747 2228 illud
791 2193 865 2238 rum,
879 2173 946 2228 illud
954 2175 1054 2228 virtute
1063 2186 1089 2226 et
1098 2173 1302 2245 pulchritudine

235 2251 472 2314 Homericum,1)i.
490 2273 523 2320 a,
542 2257 612 2324 189,
627 2249 748 2324 διάνδιχα
791 2269 946 2326 compensat
967 2253 1147 2326 Proserpina,
1169 2256 1228 2326 quae
1248 2273 1302 2308 uua

235 2332 391 2406 μιρμήριξιν..
399 2331 535 2388 Dividitur
544 2334 618 2388 velut
630 2334 747 2401 nimus3
792 2335 870 2388 matri
893 2335 978 2406 pluris
997 2348 1038 2388 est
1057 2353 1138 2406 quem
1159 2353 1302 2390 numerosa
1416 2339 1427 2356 '

235 2423 306 2466 certe
333 2413 442 2467 alternis
467 2413 496 2467 in
519 2425 608 2485 partes
631 2411 747 2468 diverses
790 2414 906 2468 soboles.

233 2493 347 2545 vertitur
358 2493 537 2564 trahiturque.
551 2494 657 2565 Jupiter
674 2514 747 2551 nuno
834 2496 897 2549 128.
912 2496 992 2547 Torva
1001 2493 1142 2566 proprium
1155 2512 1231 2564 pone
1242 2494 1300 2563 epi·

234 2569 353 2626 adhunc
374 2574 490 2626 Dearum
512 2571 628 2626 intendit
646 2574 746 2645 rogita·
791 2572 884 2626 theton
898 2574 981 2645 hujus
996 2573 1109 2644 generis.
1132 2572 1211 2624 Torva
1221 2573 1301 2639 fascia
1331 2568 1334 2570 Α

234 2651 336 2705 tionem
354 2671 428 2706 nunc
449 2650 485 2706 ad
507 2652 600 2711 aliam,
623 2673 676 2725 qais
699 2654 746 2705 tale
790 2652 818 2703 in
833 2665 909 2707 tauro
923 2650 1051 2707 laudatur
1065 2651 1231 2717 Columellas,
1244 2652 1301 2718 vl,

234 2743 288 2783 tem
295 2730 425 2785 horribile
431 2734 581 2802 conjuginm,
594 2732 673 2786 talem
681 2752 745 2786 oou·
791 2750 834 2784 ao.
847 2732 882 2786 Et
902 2732 953 2803 ipsi
968 2731 1045 2803 Virg.
1062 2730 1158 2801 Georg.
1174 2732 1232 2798 111,
1247 2730 1299 2785 51:

231 2812 339 2881 jugem,
353 2811 428 2881 sequi
442 2810 553 2877 audeat,
565 2832 624 2885 quse
637 2832 687 2883 pro
701 2811 746 2866 die
792 2838 804 2858 ι
816 2850 822 2861 .
835 2811 979 2883 ..·0ptima
988 2824 1070 2868 toruae
1083 2810 1182 2863 Forma
1193 2809 1296 2863 bovis.-

233 2902 261 2942 et
283 2891 357 2956 sole,
379 2908 429 2961 pro
448 2890 504 2943 vite
524 2890 596 2962 apud
619 2910 744 2963 superos,
789 2884 876 2944 Deoor
895 2888 1004 2963 quidam
1022 2890 1142 2962 poeticus
1158 2903 1212 2956 est,
1227 2889 1299 2961 quod

223 2968 312 3041 eligat
333 2968 439 3043 Stygios
454 2970 602 3023 inferorum
620 2989 744 3025 recessus.
788 2990 887 3023 umam
904 2991 962 3025 non
980 2970 1094 3044 appellat
1110 2970 1220 3023 nomine
1235 2988 1299 3041 pro·

278 3068 341 3103 raa.
355 3048 435 3103 Multi
450 3050 593 3115 AEtnoeam,
606 3051 744 3118 Ennoearn3
787 3050 1004 3123 prio-Pedibus
1011 3050 1298 3121 arvonoadumpmterit,

233 3126 281 3181 sed
292 3130 426 3181 Hennaeam
435 3129 472 3181 ita
482 3128 599 3183 firmarit
610 3129 744 3195 Heinsius,
788 3133 945 3203 qussjugnm
954 3129 1077 3184 nondum
1085 3128 1167 3197 subit,
1174 3129 1302 3183 autariu-

234 3221 292 3261 tum
304 3204 576 3279 En'Spanhemiussd
588 3208 693 3263 Gallim.
707 3210 743 3265 Η.
787 3208 816 3262 di
831 3229 908 3264 causa
920 3212 1051 3283 jungitur.

196 3286 199 3291 ’
234 3288 262 3339 in
275 3286 335 3341 Cer.
348 3306 373 3340 v.
390 3287 423 3341 15
435 3326 444 3355 ,
455 3308 482 3359 p.
500 3292 557 3351 624
569 3302 597 3343 et
609 3308 635 3341 v.
652 3289 683 3343 31
694 3329 703 3355 ‚
713 3302 745 3344 ut
832 3288 1299 3361 129.llemhumilem,qnioaneas

232 3366 306 3418 illam
332 3366 474 3437 rationem,
490 3366 519 3419 in
540 3368 593 3421 hoc
614 3369 743 3439 opusculo
787 3386 941 3441 comparare
953 3390 1029 3441 pune
1037 3368 1163 3424 indecens
1177 3380 1245 3432 erat,
1258 3368 1300 3419 vi-

232 3446 307 3517 sequi
317 3445 385 3498 nibil
396 3443 526 3499 dubitem.
538 3448 647 3525 Vicinis
658 3451 743 3503 AEtnae
786 3448 875 3503 cissim
886 3450 1004 3515 extollit,
1015 3462 1042 3503 et
1052 3448 1159 3519 dignam
1170 3448 1214 3499 illa
1227 3465 1299 3500 eom·

232 3526 330 3577 montis
353 3524 481 3579 incendio
501 3545 549 3579 suo
566 3528 743 3595 nobilissimi,
785 3528 1212 3605 paratione'cornuumilliuscum
1221 3528 1298 3579 Luna

131 3636 133 3641 ·
232 3604 344 3657 Hennam
355 3617 382 3658 et
395 3604 530 3659 Hermam
543 3607 571 3659 in
588 3606 741 3661 AEtnamat·
786 3606 884 3661 reddit.
894 3608 961 3661 Hor.
975 3610 1035 3661 Car.
1049 3606 1100 3671 IV,
1116 3627 1147 3672 s,
1160 3605 1299 3671 54,tener

231 3704 283 3756 que
295 3682 421 3738 AEtuoeam
435 3684 555 3739 mutandi
575 3688 740 3743 ocoesionem
785 3688 898 3753 vitulus,
916 3715 928 3736 ι
942 3688 1041 3752 Fronte
1050 3698 1171 3740 curvatos
1182 3686 1298 3740 imitatus

233 3762 471 3817 dedit'Caeterum
492 3764 526 3818 de
546 3766 639 3819 Henna
659 3769 742 3835 urbe,
785 3762 998 3841 ignes'Tertium
1015 3761 1088 3821 lune
1100 3766 1240 3821 referentis
1253 3784 1298 3818 or·

230 3841 264 3896 de
276 3844 336 3895 loeo
348 3843 419 3898 unde
432 3856 507 3917 rapta
516 3860 557 3899 est
569 3847 740 3917 Proserpina,
785 3862 859 3901 tum.
875 3875 886 3895 ι
913 3845 916 3852 ’

231 3920 265 3974 de
280 3923 377 3975 Cerere
393 3926 504 3979 Henncea
520 3926 575 3991 vel,
594 3940 626 3979 ut
640 3927 679 3979 ibi
691 3945 739 3980 vo·
769 3976 774 3985 ,
830 3935 889 3981 rto.
897 3926 998 3980 Matura
1010 3939 1062 3978 toro
1073 3925 1139 3978 mibi
1151 3924 1232 3996 magis
1243 3924 1298 3994 pls-

230 4014 323 4067 entur,
338 4004 471 4068 Hennensi,
481 4005 555 4059 locus
572 4006 682 4077 insignis
701 4018 740 4059 est
783 4021 867 4072 seret,
880 4026 935 4059 non
951 4005 1032 4059 modo
1044 4018 1156 4077 propter
1169 4001 1296 4073 Virgilia-

231 4082 287 4137 Cic.
297 4081 326 4133 in
336 4082 417 4139 Verri
425 4084 476 4148 IV,
493 4087 529 4147 48
541 4103 598 4156 sqq.
611 4086 691 4140 conr.
705 4085 739 4140 ad
782 4106 845 4139 naun
858 4086 1119 4150 imitationem,AEn.
1135 4084 1205 4146 VII,
1219 4079 1270 4132 53:

231 4160 276 4212 Sil.
292 4160 322 4225 1,
339 4160 385 4226 93.
783 4167 827 4206 sm
839 4176 914 4207 mun
927 4168 982 4211 vno.
995 4167 1035 4218 ju
1047 4165 1110 4216 prens.
1120 4161 1193 4202 „suta
1204 4161 1274 4199 unu:
