<?xml version="1.0" encoding="UTF-8"?>
<!DOCTYPE html PUBLIC "-//W3C//DTD XHTML 1.0 Transitional//EN"
    "http://www.w3.org/TR/xhtml1/DTD/xhtml1-transitional.dtd">
<html xmlns="http://www.w3.org/1999/xhtml" xml:lang="en" lang="en">
 <head>
  <title>
</title>
<meta http-equiv="Content-Type" content="text/html;charset=utf-8" />
  <meta name='ocr-system' content='tesseract 3.04.00' />
  <meta name='ocr-capabilities' content='ocr_page ocr_carea ocr_par ocr_line ocrx_word'/>
</head>
<body>
  <div class='ocr_page' id='page_1' title='image "./claudiiclaudian01artagoog_0754.png"; bbox 0 0 3034 4900; ppageno 0'>
   <div class='ocr_carea' id='block_1_1' title="bbox 289 433 1098 531">
    <p class='ocr_par' dir='ltr' id='par_1_1' title="bbox 289 433 1098 531">
     <span class='ocr_line' id='line_1_1' title="bbox 289 433 1098 531; baseline -0.006 0"><span class='ocrx_word' id='word_1_1' title='bbox 289 459 363 531; x_wconf 78' lang='lat'><strong>332</strong></span> <span class='ocrx_word' id='word_1_2' title='bbox 393 433 401 448; x_wconf 84' lang='lat'><strong><em>&#39;</em></strong></span> <span class='ocrx_word' id='word_1_3' title='bbox 553 459 1098 530; x_wconf 76' lang='grc'><strong>1011111111111111111</strong></span> 
     </span>
    </p>
   </div>
   <div class='ocr_carea' id='block_1_2' title="bbox 285 591 1359 795">
    <p class='ocr_par' dir='ltr' id='par_1_2' title="bbox 285 591 1359 795">
     <span class='ocr_line' id='line_1_2' title="bbox 285 591 1359 688; baseline -0.001 -26"><span class='ocrx_word' id='word_1_4' title='bbox 285 593 459 688; x_wconf 80' lang='lat' dir='ltr'>diligenter</span> <span class='ocrx_word' id='word_1_5' title='bbox 477 593 643 688; x_wconf 82' lang='lat' dir='ltr'><strong>impressit</strong></span> <span class='ocrx_word' id='word_1_6' title='bbox 654 593 798 663; x_wconf 78' lang='lat' dir='ltr'><strong>Iacobus</strong></span> <span class='ocrx_word' id='word_1_7' title='bbox 808 597 984 680; x_wconf 67' lang='lat' dir='ltr'><strong>naemu,</strong></span> <span class='ocrx_word' id='word_1_8' title='bbox 1001 591 1178 662; x_wconf 89' lang='lat' dir='ltr'><strong>Millesimo</strong></span> <span class='ocrx_word' id='word_1_9' title='bbox 1193 591 1359 686; x_wconf 85' lang='lat' dir='ltr'><strong>quadrin-</strong></span> 
     </span>
     <span class='ocr_line' id='line_1_3' title="bbox 285 697 1357 795; baseline -0.002 -27"><span class='ocrx_word' id='word_1_10' title='bbox 285 700 468 794; x_wconf 81' lang='lat' dir='ltr'><strong>gentesimo</strong></span> <span class='ocrx_word' id='word_1_11' title='bbox 485 701 687 795; x_wconf 85' lang='lat' dir='ltr'><strong>octogesimo</strong></span> <span class='ocrx_word' id='word_1_12' title='bbox 707 699 854 770; x_wconf 86' lang='lat' dir='ltr'><strong>seeundo</strong></span> <span class='ocrx_word' id='word_1_13' title='bbox 872 725 936 770; x_wconf 81' lang='lat' dir='ltr'><strong>sex.</strong></span> <span class='ocrx_word' id='word_1_14' title='bbox 956 697 1026 770; x_wconf 88' lang='lat' dir='ltr'><strong>Cal.</strong></span> <span class='ocrx_word' id='word_1_15' title='bbox 1046 701 1121 768; x_wconf 83' lang='lat' dir='ltr'><strong>Iun.</strong></span> <span class='ocrx_word' id='word_1_16' title='bbox 1141 697 1254 767; x_wconf 80' lang='lat' dir='ltr'>Habet</span> <span class='ocrx_word' id='word_1_17' title='bbox 1271 697 1357 768; x_wconf 86' lang='lat' dir='ltr'><strong>Bibl.</strong></span> 
     </span>
    </p>
   </div>
   <div class='ocr_carea' id='block_1_3' title="bbox 288 802 1359 1007">
    <p class='ocr_par' dir='ltr' id='par_1_3' title="bbox 288 802 1359 1007">
     <span class='ocr_line' id='line_1_4' title="bbox 288 802 1358 901; baseline -0.001 -26"><span class='ocrx_word' id='word_1_18' title='bbox 288 807 447 901; x_wconf 84' lang='lat' dir='ltr'><strong>Goetting.</strong></span> <span class='ocrx_word' id='word_1_19' title='bbox 463 805 616 876; x_wconf 82' lang='lat' dir='ltr'><strong>Praefatio</strong></span> <span class='ocrx_word' id='word_1_20' title='bbox 634 819 685 876; x_wconf 91' lang='lat' dir='ltr'><strong>est</strong></span> <span class='ocrx_word' id='word_1_21' title='bbox 700 807 877 876; x_wconf 68' lang='lat' dir='ltr'><strong>Barnabae</strong></span> <span class='ocrx_word' id='word_1_22' title='bbox 892 807 1030 880; x_wconf 75' lang='lat' dir='ltr'><strong>cenant</strong></span> <span class='ocrx_word' id='word_1_23' title='bbox 1041 802 1084 872; x_wconf 89' lang='lat' dir='ltr'><strong>ad</strong></span> <span class='ocrx_word' id='word_1_24' title='bbox 1099 804 1218 874; x_wconf 76' lang='lat' dir='ltr'><strong>Barth.</strong></span> <span class='ocrx_word' id='word_1_25' title='bbox 1233 805 1358 898; x_wconf 80' lang='lat' dir='ltr'><strong>Pujel-</strong></span> 
     </span>
     <span class='ocr_line' id='line_1_5' title="bbox 288 913 1359 1007; baseline -0.002 -25"><span class='ocrx_word' id='word_1_26' title='bbox 288 913 357 982; x_wconf 67' lang='lat' dir='ltr'><strong>acm</strong></span> <span class='ocrx_word' id='word_1_27' title='bbox 374 913 528 1007; x_wconf 81' lang='lat' dir='ltr'><strong>Equitem</strong></span> <span class='ocrx_word' id='word_1_28' title='bbox 541 914 774 1004; x_wconf 80' lang='lat' dir='ltr'><strong>vicentinum,</strong></span> <span class='ocrx_word' id='word_1_29' title='bbox 796 938 893 1006; x_wconf 88' lang='lat' dir='ltr'><strong>quem</strong></span> <span class='ocrx_word' id='word_1_30' title='bbox 916 913 1037 982; x_wconf 84' lang='lat' dir='ltr'><strong>excitat</strong></span> <span class='ocrx_word' id='word_1_31' title='bbox 1059 925 1098 980; x_wconf 92' lang='lat' dir='ltr'><strong>ut</strong></span> <span class='ocrx_word' id='word_1_32' title='bbox 1124 935 1185 982; x_wconf 91' lang='lat' dir='ltr'><strong>sua</strong></span> <span class='ocrx_word' id='word_1_33' title='bbox 1209 913 1359 980; x_wconf 84' lang='lat' dir='ltr'><strong>earmina</strong></span> 
     </span>
    </p>
   </div>
   <div class='ocr_carea' id='block_1_4' title="bbox 173 1015 1358 1113">
    <p class='ocr_par' dir='ltr' id='par_1_4' title="bbox 173 1015 1358 1113">
     <span class='ocr_line' id='line_1_6' title="bbox 173 1015 1358 1113; baseline -0.001 -27"><span class='ocrx_word' id='word_1_34' title='bbox 173 1045 177 1054; x_wconf 93' lang='lat'><em>·</em></span> <span class='ocrx_word' id='word_1_35' title='bbox 289 1017 369 1087; x_wconf 88' lang='lat' dir='ltr'><strong>velit</strong></span> <span class='ocrx_word' id='word_1_36' title='bbox 388 1018 508 1106; x_wconf 86' lang='lat' dir='ltr'><strong>edere,</strong></span> <span class='ocrx_word' id='word_1_37' title='bbox 527 1044 600 1113; x_wconf 78' lang='lat' dir='ltr'><strong>qua</strong></span> <span class='ocrx_word' id='word_1_38' title='bbox 619 1017 806 1090; x_wconf 86' lang='lat' dir='ltr'><strong>Claudiano</strong></span> <span class='ocrx_word' id='word_1_39' title='bbox 831 1020 1037 1113; x_wconf 87' lang='lat' dir='ltr'><strong>adjecturum</strong></span> <span class='ocrx_word' id='word_1_40' title='bbox 1063 1041 1098 1086; x_wconf 89' lang='lat' dir='ltr'><strong>se</strong></span> <span class='ocrx_word' id='word_1_41' title='bbox 1120 1015 1219 1086; x_wconf 81' lang='lat' dir='ltr'><strong>firisse</strong></span> <span class='ocrx_word' id='word_1_42' title='bbox 1240 1017 1309 1104; x_wconf 91' lang='lat' dir='ltr'><strong>ait,</strong></span> <span class='ocrx_word' id='word_1_43' title='bbox 1329 1018 1358 1086; x_wconf 90' lang='lat' dir='ltr'><strong>si</strong></span> 
     </span>
    </p>
   </div>
   <div class='ocr_carea' id='block_1_5' title="bbox 289 1120 1359 1754">
    <p class='ocr_par' dir='ltr' id='par_1_5' title="bbox 289 1120 1359 1540">
     <span class='ocr_line' id='line_1_7' title="bbox 290 1120 1356 1220; baseline -0.002 -26"><span class='ocrx_word' id='word_1_44' title='bbox 290 1127 418 1194; x_wconf 82' lang='lat' dir='ltr'><strong>exorari</strong></span> <span class='ocrx_word' id='word_1_45' title='bbox 430 1123 570 1218; x_wconf 86' lang='lat' dir='ltr'><strong>Pajellus</strong></span> <span class='ocrx_word' id='word_1_46' title='bbox 586 1127 756 1220; x_wconf 89' lang='lat' dir='ltr'><strong>potuisset.</strong></span> <span class='ocrx_word' id='word_1_47' title='bbox 771 1129 824 1196; x_wconf 91' lang='lat' dir='ltr'><strong>De</strong></span> <span class='ocrx_word' id='word_1_48' title='bbox 838 1125 1022 1195; x_wconf 86' lang='lat' dir='ltr'><strong>Claudiano</strong></span> <span class='ocrx_word' id='word_1_49' title='bbox 1037 1120 1128 1192; x_wconf 88' lang='lat' dir='ltr'><strong>nihil.</strong></span> <span class='ocrx_word' id='word_1_50' title='bbox 1146 1125 1187 1190; x_wconf 93' lang='lat' dir='ltr'><strong>In</strong></span> <span class='ocrx_word' id='word_1_51' title='bbox 1200 1123 1265 1192; x_wconf 87' lang='lat' dir='ltr'><strong>hac</strong></span> <span class='ocrx_word' id='word_1_52' title='bbox 1278 1122 1356 1192; x_wconf 86' lang='lat' dir='ltr'><strong>edit.</strong></span> 
     </span>
     <span class='ocr_line' id='line_1_8' title="bbox 289 1227 1359 1325; baseline -0.002 -25"><span class='ocrx_word' id='word_1_53' title='bbox 289 1231 517 1301; x_wconf 84' lang='lat' dir='ltr'><strong>desiderantur</strong></span> <span class='ocrx_word' id='word_1_54' title='bbox 530 1233 688 1302; x_wconf 78' lang='lat' dir='ltr'><strong>Carmina</strong></span> <span class='ocrx_word' id='word_1_55' title='bbox 705 1233 831 1325; x_wconf 90' lang='lat' dir='ltr'><strong>majora</strong></span> <span class='ocrx_word' id='word_1_56' title='bbox 849 1233 976 1318; x_wconf 87' lang='lat' dir='ltr'><strong>omnia,</strong></span> <span class='ocrx_word' id='word_1_57' title='bbox 992 1253 1134 1324; x_wconf 89' lang='lat' dir='ltr'><strong>quorum</strong></span> <span class='ocrx_word' id='word_1_58' title='bbox 1148 1227 1230 1297; x_wconf 87' lang='lat' dir='ltr'>nihil</span> <span class='ocrx_word' id='word_1_59' title='bbox 1243 1230 1277 1297; x_wconf 92' lang='lat' dir='ltr'><strong>in</strong></span> <span class='ocrx_word' id='word_1_60' title='bbox 1292 1229 1359 1298; x_wconf 84' lang='lat' dir='ltr'><strong>suis</strong></span> 
     </span>
     <span class='ocr_line' id='line_1_9' title="bbox 289 1333 1358 1411; baseline -0.001 -6"><span class='ocrx_word' id='word_1_61' title='bbox 289 1335 382 1406; x_wconf 90' lang='lat' dir='ltr'><strong>libris</strong></span> <span class='ocrx_word' id='word_1_62' title='bbox 399 1337 515 1408; x_wconf 92' lang='lat' dir='ltr'><strong>habuit</strong></span> <span class='ocrx_word' id='word_1_63' title='bbox 532 1337 700 1411; x_wconf 88' lang='lat' dir='ltr'><strong>Celsanus.</strong></span> <span class='ocrx_word' id='word_1_64' title='bbox 719 1339 822 1408; x_wconf 90' lang='lat' dir='ltr'><strong>Libro</strong></span> <span class='ocrx_word' id='word_1_65' title='bbox 840 1337 881 1406; x_wconf 90' lang='lat' dir='ltr'><strong>de</strong></span> <span class='ocrx_word' id='word_1_66' title='bbox 898 1337 995 1408; x_wconf 88' lang='lat' dir='ltr'><strong>Bello</strong></span> <span class='ocrx_word' id='word_1_67' title='bbox 1011 1335 1190 1405; x_wconf 75' lang='lat' dir='ltr'><strong>Gidionico</strong></span> <span class='ocrx_word' id='word_1_68' title='bbox 1208 1333 1265 1404; x_wconf 87' lang='lat' dir='ltr'><strong>hic</strong></span> <span class='ocrx_word' id='word_1_69' title='bbox 1281 1336 1358 1404; x_wconf 85' lang='lat' dir='ltr'><strong>tim-</strong></span> 
     </span>
     <span class='ocr_line' id='line_1_10' title="bbox 292 1441 965 1540; baseline 0 -29"><span class='ocrx_word' id='word_1_70' title='bbox 292 1441 342 1512; x_wconf 88' lang='lat' dir='ltr'><strong>lus</strong></span> <span class='ocrx_word' id='word_1_71' title='bbox 362 1447 498 1539; x_wconf 90' lang='lat' dir='ltr'><strong>ponitur</strong></span> <span class='ocrx_word' id='word_1_72' title='bbox 516 1470 524 1512; x_wconf 78' lang='grc' dir='ltr'><strong><em>ε</em></strong></span> <span class='ocrx_word' id='word_1_73' title='bbox 545 1449 589 1514; x_wconf 82' lang='lat' dir='ltr'><strong>In</strong></span> <span class='ocrx_word' id='word_1_74' title='bbox 610 1447 768 1540; x_wconf 73' lang='lat' dir='ltr'><strong>Rrfinm</strong></span> <span class='ocrx_word' id='word_1_75' title='bbox 790 1443 876 1514; x_wconf 84' lang='lat' dir='ltr'><strong>liber</strong></span> <span class='ocrx_word' id='word_1_76' title='bbox 899 1447 965 1514; x_wconf 87' lang='lat' dir='ltr'><strong>HI.</strong></span> 
     </span>
    </p>

    <p class='ocr_par' dir='ltr' id='par_1_6' title="bbox 291 1535 1359 1754">
     <span class='ocr_line' id='line_1_11' title="bbox 343 1535 1358 1646; baseline -0.003 -27"><span class='ocrx_word' id='word_1_77' title='bbox 343 1535 492 1646; x_wconf 90' lang='grc'><strong>[149...</strong></span> <span class='ocrx_word' id='word_1_78' title='bbox 506 1550 696 1621; x_wconf 85' lang='lat' dir='ltr'><strong>Ludovicus</strong></span> <span class='ocrx_word' id='word_1_79' title='bbox 713 1555 879 1622; x_wconf 81' lang='lat' dir='ltr'><strong>Ponticus</strong></span> <span class='ocrx_word' id='word_1_80' title='bbox 892 1549 1052 1619; x_wconf 89' lang='lat' dir='ltr'><strong>Virunius</strong></span> <span class='ocrx_word' id='word_1_81' title='bbox 1071 1549 1159 1617; x_wconf 89' lang='lat' dir='ltr'><strong>circa</strong></span> <span class='ocrx_word' id='word_1_82' title='bbox 1180 1547 1282 1616; x_wconf 79' lang='lat' dir='ltr'><strong>finem</strong></span> <span class='ocrx_word' id='word_1_83' title='bbox 1305 1571 1358 1616; x_wconf 90' lang='lat' dir='ltr'><strong>se-</strong></span> 
     </span>
     <span class='ocr_line' id='line_1_12' title="bbox 291 1650 1359 1754; baseline -0.003 -29"><span class='ocrx_word' id='word_1_84' title='bbox 291 1653 358 1725; x_wconf 87' lang='lat' dir='ltr'><strong>culi</strong></span> <span class='ocrx_word' id='word_1_85' title='bbox 373 1658 440 1725; x_wconf 84' lang='lat' dir='ltr'><strong>XV</strong></span> <span class='ocrx_word' id='word_1_86' title='bbox 456 1657 490 1725; x_wconf 95' lang='lat' dir='ltr'><strong>in</strong></span> <span class='ocrx_word' id='word_1_87' title='bbox 509 1656 593 1727; x_wconf 89' lang='lat' dir='ltr'><strong>urbe</strong></span> <span class='ocrx_word' id='word_1_88' title='bbox 613 1659 768 1754; x_wconf 87' lang='lat' dir='ltr'><strong>Regiensi</strong></span> <span class='ocrx_word' id='word_1_89' title='bbox 787 1650 951 1753; x_wconf 87' lang='lat' dir='ltr'><strong>(Reggio)</strong></span> <span class='ocrx_word' id='word_1_90' title='bbox 971 1651 1146 1749; x_wconf 84' lang='lat' dir='ltr'><strong>explicavit</strong></span> <span class='ocrx_word' id='word_1_91' title='bbox 1165 1669 1198 1723; x_wconf 88' lang='lat' dir='ltr'><strong>et</strong></span> <span class='ocrx_word' id='word_1_92' title='bbox 1216 1655 1359 1748; x_wconf 88' lang='lat' dir='ltr'><strong>primum</strong></span> 
     </span>
    </p>
   </div>
   <div class='ocr_carea' id='block_1_6' title="bbox 292 1758 1496 1962">
    <p class='ocr_par' dir='ltr' id='par_1_7' title="bbox 292 1758 1496 1962">
     <span class='ocr_line' id='line_1_13' title="bbox 292 1758 1360 1859; baseline -0.002 -29"><span class='ocrx_word' id='word_1_93' title='bbox 292 1763 385 1854; x_wconf 84' lang='lat' dir='ltr'><strong>quasi</strong></span> <span class='ocrx_word' id='word_1_94' title='bbox 402 1764 593 1859; x_wconf 84' lang='lat' dir='ltr'><strong>propinavit</strong></span> <span class='ocrx_word' id='word_1_95' title='bbox 612 1762 704 1834; x_wconf 89' lang='lat' dir='ltr'><strong>Italis</strong></span> <span class='ocrx_word' id='word_1_96' title='bbox 722 1761 952 1835; x_wconf 78' lang='lat' dir='ltr'><strong>Claudianum.</strong></span> <span class='ocrx_word' id='word_1_97' title='bbox 972 1763 1058 1830; x_wconf 86' lang='lat' dir='ltr'><strong>Hinc</strong></span> <span class='ocrx_word' id='word_1_98' title='bbox 1081 1760 1167 1829; x_wconf 85' lang='lat' dir='ltr'><strong>sorte</strong></span> <span class='ocrx_word' id='word_1_99' title='bbox 1187 1773 1254 1844; x_wconf 86' lang='lat' dir='ltr'><strong>est,</strong></span> <span class='ocrx_word' id='word_1_100' title='bbox 1271 1758 1360 1853; x_wconf 85' lang='lat' dir='ltr'><strong>quod</strong></span> 
     </span>
     <span class='ocr_line' id='line_1_14' title="bbox 292 1864 1496 1962; baseline -0.001 -27"><span class='ocrx_word' id='word_1_101' title='bbox 292 1870 415 1962; x_wconf 88' lang='lat' dir='ltr'><strong>passim</strong></span> <span class='ocrx_word' id='word_1_102' title='bbox 428 1869 508 1938; x_wconf 89' lang='lat' dir='ltr'><strong>editi</strong></span> <span class='ocrx_word' id='word_1_103' title='bbox 520 1871 562 1940; x_wconf 91' lang='lat' dir='ltr'><strong>ab</strong></span> <span class='ocrx_word' id='word_1_104' title='bbox 575 1869 632 1940; x_wconf 91' lang='lat' dir='ltr'><strong>illo</strong></span> <span class='ocrx_word' id='word_1_105' title='bbox 643 1870 819 1942; x_wconf 89' lang='lat' dir='ltr'><strong>Claudiani</strong></span> <span class='ocrx_word' id='word_1_106' title='bbox 833 1871 1033 1940; x_wconf 87' lang='lat' dir='ltr'><strong>mentionem</strong></span> <span class='ocrx_word' id='word_1_107' title='bbox 1045 1865 1170 1936; x_wconf 81' lang='lat' dir='ltr'><strong>faciunt</strong></span> <span class='ocrx_word' id='word_1_108' title='bbox 1182 1867 1245 1934; x_wconf 88' lang='lat' dir='ltr'><strong>viri</strong></span> <span class='ocrx_word' id='word_1_109' title='bbox 1259 1864 1360 1950; x_wconf 87' lang='lat' dir='ltr'><strong>docti,</strong></span> <span class='ocrx_word' id='word_1_110' title='bbox 1495 1873 1496 1880; x_wconf 77' lang='grc'>’</span> 
     </span>
    </p>
   </div>
   <div class='ocr_carea' id='block_1_7' title="bbox 292 1971 1369 4201">
    <p class='ocr_par' dir='ltr' id='par_1_8' title="bbox 292 1971 1364 2707">
     <span class='ocr_line' id='line_1_15' title="bbox 292 1971 1360 2065; baseline -0.005 -21"><span class='ocrx_word' id='word_1_111' title='bbox 292 1975 461 2046; x_wconf 87' lang='lat' dir='ltr'><strong>Gesnerus</strong></span> <span class='ocrx_word' id='word_1_112' title='bbox 477 1979 512 2046; x_wconf 91' lang='lat' dir='ltr'><strong>in</strong></span> <span class='ocrx_word' id='word_1_113' title='bbox 526 1976 747 2065; x_wconf 84' lang='lat' dir='ltr'><strong>Bibliotheca,</strong></span> <span class='ocrx_word' id='word_1_114' title='bbox 761 1977 933 2062; x_wconf 87' lang='lat' dir='ltr'><strong>Barthius‚</strong></span> <span class='ocrx_word' id='word_1_115' title='bbox 947 1974 1109 2044; x_wconf 88' lang='lat' dir='ltr'><strong>Heinsius.</strong></span> <span class='ocrx_word' id='word_1_116' title='bbox 1125 1971 1190 2042; x_wconf 92' lang='lat' dir='ltr'><strong>Sed</strong></span> <span class='ocrx_word' id='word_1_117' title='bbox 1209 1995 1308 2041; x_wconf 91' lang='lat' dir='ltr'><strong>nemo</strong></span> <span class='ocrx_word' id='word_1_118' title='bbox 1325 1996 1360 2040; x_wconf 91' lang='lat' dir='ltr'><strong>se</strong></span> 
     </span>
     <span class='ocr_line' id='line_1_16' title="bbox 293 2077 1360 2179; baseline -0.002 -32"><span class='ocrx_word' id='word_1_119' title='bbox 293 2080 413 2150; x_wconf 90' lang='lat' dir='ltr'><strong>vidisse</strong></span> <span class='ocrx_word' id='word_1_120' title='bbox 426 2082 506 2153; x_wconf 86' lang='lat' dir='ltr'><strong>dicit</strong></span> <span class='ocrx_word' id='word_1_121' title='bbox 518 2108 623 2179; x_wconf 89' lang='lat' dir='ltr'><strong>opus,</strong></span> <span class='ocrx_word' id='word_1_122' title='bbox 635 2109 734 2155; x_wconf 90' lang='lat' dir='ltr'><strong>nemo</strong></span> <span class='ocrx_word' id='word_1_123' title='bbox 748 2083 877 2172; x_wconf 88' lang='lat' dir='ltr'><strong>locum,</strong></span> <span class='ocrx_word' id='word_1_124' title='bbox 890 2105 1032 2166; x_wconf 88' lang='lat' dir='ltr'><strong>annum,</strong></span> <span class='ocrx_word' id='word_1_125' title='bbox 1047 2077 1294 2174; x_wconf 77' lang='lat' dir='ltr'><strong>typographum</strong></span> <span class='ocrx_word' id='word_1_126' title='bbox 1309 2080 1360 2146; x_wconf 87' lang='lat' dir='ltr'><strong>in·</strong></span> 
     </span>
     <span class='ocr_line' id='line_1_17' title="bbox 293 2182 1361 2278; baseline -0.002 -24"><span class='ocrx_word' id='word_1_127' title='bbox 293 2185 392 2256; x_wconf 86' lang='lat' dir='ltr'><strong>dieat</strong></span> <span class='ocrx_word' id='word_1_128' title='bbox 404 2189 535 2276; x_wconf 85' lang='lat' dir='ltr'><strong>Verbo,</strong></span> <span class='ocrx_word' id='word_1_129' title='bbox 551 2191 683 2261; x_wconf 90' lang='lat' dir='ltr'><strong>videtur</strong></span> <span class='ocrx_word' id='word_1_130' title='bbox 700 2192 809 2260; x_wconf 90' lang='lat' dir='ltr'><strong>omnis</strong></span> <span class='ocrx_word' id='word_1_131' title='bbox 828 2213 867 2258; x_wconf 90' lang='lat' dir='ltr'><strong>ea</strong></span> <span class='ocrx_word' id='word_1_132' title='bbox 888 2187 1047 2258; x_wconf 85' lang='lat' dir='ltr'><strong>memoria</strong></span> <span class='ocrx_word' id='word_1_133' title='bbox 1068 2183 1182 2254; x_wconf 90' lang='lat' dir='ltr'><strong>deberi</strong></span> <span class='ocrx_word' id='word_1_134' title='bbox 1200 2182 1361 2278; x_wconf 85' lang='lat' dir='ltr'><strong>Catalogo</strong></span> 
     </span>
     <span class='ocr_line' id='line_1_18' title="bbox 294 2292 1362 2391; baseline -0.002 -29"><span class='ocrx_word' id='word_1_135' title='bbox 294 2294 494 2388; x_wconf 85' lang='lat' dir='ltr'><strong>scriptorum</strong></span> <span class='ocrx_word' id='word_1_136' title='bbox 508 2298 587 2384; x_wconf 85' lang='lat' dir='ltr'><strong>viri,</strong></span> <span class='ocrx_word' id='word_1_137' title='bbox 602 2299 778 2366; x_wconf 86' lang='lat' dir='ltr'><strong>maximam</strong></span> <span class='ocrx_word' id='word_1_138' title='bbox 794 2310 922 2391; x_wconf 85' lang='lat' dir='ltr'><strong>partem</strong></span> <span class='ocrx_word' id='word_1_139' title='bbox 939 2292 1159 2378; x_wconf 86' lang='lat' dir='ltr'><strong>ineditorum,</strong></span> <span class='ocrx_word' id='word_1_140' title='bbox 1172 2315 1271 2384; x_wconf 90' lang='lat' dir='ltr'><strong>quem</strong></span> <span class='ocrx_word' id='word_1_141' title='bbox 1287 2292 1362 2360; x_wconf 77' lang='lat' dir='ltr'><strong>vita</strong></span> 
     </span>
     <span class='ocr_line' id='line_1_19' title="bbox 294 2396 1364 2491; baseline -0.001 -23"><span class='ocrx_word' id='word_1_142' title='bbox 294 2396 379 2470; x_wconf 87' lang='lat' dir='ltr'><strong>illius</strong></span> <span class='ocrx_word' id='word_1_143' title='bbox 402 2402 542 2473; x_wconf 83' lang='lat' dir='ltr'><strong>intexuit</strong></span> <span class='ocrx_word' id='word_1_144' title='bbox 562 2403 712 2474; x_wconf 83' lang='lat' dir='ltr'><strong>Andreas</strong></span> <span class='ocrx_word' id='word_1_145' title='bbox 733 2401 904 2488; x_wconf 83' lang='lat' dir='ltr'><strong>Ubalilus‚</strong></span> <span class='ocrx_word' id='word_1_146' title='bbox 922 2425 999 2472; x_wconf 89' lang='lat' dir='ltr'><strong>cum</strong></span> <span class='ocrx_word' id='word_1_147' title='bbox 1023 2396 1117 2491; x_wconf 83' lang='lat' dir='ltr'><strong>nujus</strong></span> <span class='ocrx_word' id='word_1_148' title='bbox 1143 2419 1256 2467; x_wconf 86' lang='lat' dir='ltr'><strong>sorore</strong></span> <span class='ocrx_word' id='word_1_149' title='bbox 1281 2397 1364 2467; x_wconf 83' lang='lat' dir='ltr'><strong>vixit</strong></span> 
     </span>
     <span class='ocr_line' id='line_1_20' title="bbox 295 2501 1362 2606; baseline -0.004 -31"><span class='ocrx_word' id='word_1_150' title='bbox 295 2507 471 2579; x_wconf 88' lang='lat' dir='ltr'><strong>Ponticus:</strong></span> <span class='ocrx_word' id='word_1_151' title='bbox 490 2509 578 2579; x_wconf 91' lang='lat' dir='ltr'><strong>unde</strong></span> <span class='ocrx_word' id='word_1_152' title='bbox 591 2535 652 2581; x_wconf 91' lang='lat' dir='ltr'><strong>sua</strong></span> <span class='ocrx_word' id='word_1_153' title='bbox 664 2510 794 2606; x_wconf 89' lang='lat' dir='ltr'><strong>repetiit</strong></span> <span class='ocrx_word' id='word_1_154' title='bbox 806 2510 991 2579; x_wconf 88' lang='lat' dir='ltr'><strong>Niceronus</strong></span> <span class='ocrx_word' id='word_1_155' title='bbox 1004 2518 1085 2575; x_wconf 88' lang='lat' dir='ltr'><strong>tom.</strong></span> <span class='ocrx_word' id='word_1_156' title='bbox 1094 2503 1194 2593; x_wconf 84' lang='lat' dir='ltr'>VIII,</span> <span class='ocrx_word' id='word_1_157' title='bbox 1208 2527 1284 2598; x_wconf 89' lang='lat' dir='ltr'><strong>pag.</strong></span> <span class='ocrx_word' id='word_1_158' title='bbox 1303 2501 1362 2597; x_wconf 85' lang='lat'><strong>39.</strong></span> 
     </span>
     <span class='ocr_line' id='line_1_21' title="bbox 296 2607 591 2707; baseline 0.02 -27"><span class='ocrx_word' id='word_1_159' title='bbox 296 2614 377 2685; x_wconf 78' lang='lat' dir='ltr'><strong>Haee</strong></span> <span class='ocrx_word' id='word_1_160' title='bbox 394 2607 591 2707; x_wconf 86' lang='lat' dir='ltr'><strong>Gesnerus.]</strong></span> 
     </span>
    </p>

    <p class='ocr_par' dir='ltr' id='par_1_9' title="bbox 295 2716 1365 3667">
     <span class='ocr_line' id='line_1_22' title="bbox 355 2716 1363 2820; baseline -0.004 -32"><span class='ocrx_word' id='word_1_161' title='bbox 355 2719 462 2817; x_wconf 85' lang='grc'><strong>1493.</strong></span> <span class='ocrx_word' id='word_1_162' title='bbox 490 2728 657 2820; x_wconf 71' lang='lat' dir='ltr'><strong>Princeps</strong></span> <span class='ocrx_word' id='word_1_163' title='bbox 683 2723 806 2808; x_wconf 86' lang='lat' dir='ltr'><strong>altera,</strong></span> <span class='ocrx_word' id='word_1_164' title='bbox 827 2726 1025 2793; x_wconf 76' lang='lat' dir='ltr'><strong>Parmensis</strong></span> <span class='ocrx_word' id='word_1_165' title='bbox 1046 2722 1083 2807; x_wconf 84' lang='lat'><strong>1,</strong></span> <span class='ocrx_word' id='word_1_166' title='bbox 1106 2716 1281 2789; x_wconf 90' lang='lat' dir='ltr'><strong>emendata</strong></span> <span class='ocrx_word' id='word_1_167' title='bbox 1305 2740 1363 2811; x_wconf 90' lang='lat' dir='ltr'><strong>per</strong></span> 
     </span>
     <span class='ocr_line' id='line_1_23' title="bbox 295 2823 1362 2925; baseline -0.001 -33"><span class='ocrx_word' id='word_1_168' title='bbox 295 2823 476 2897; x_wconf 80' lang='lat' dir='ltr'><strong>Thadaeum</strong></span> <span class='ocrx_word' id='word_1_169' title='bbox 491 2830 681 2922; x_wconf 79' lang='lat' dir='ltr'><strong>Ugobetum,</strong></span> <span class='ocrx_word' id='word_1_170' title='bbox 699 2831 858 2925; x_wconf 80' lang='lat' dir='ltr'><strong>impressa</strong></span> <span class='ocrx_word' id='word_1_171' title='bbox 872 2852 933 2923; x_wconf 91' lang='lat' dir='ltr'><strong>per</strong></span> <span class='ocrx_word' id='word_1_172' title='bbox 944 2826 1107 2924; x_wconf 78' lang='lat' dir='ltr'><strong>Angelum</strong></span> <span class='ocrx_word' id='word_1_173' title='bbox 1121 2826 1311 2920; x_wconf 80' lang='lat' dir='ltr'><strong>Ugoletwn‚</strong></span> <span class='ocrx_word' id='word_1_174' title='bbox 1329 2825 1362 2908; x_wconf 93' lang='grc'><strong>4.</strong></span> 
     </span>
     <span class='ocr_line' id='line_1_24' title="bbox 297 2932 1364 3032; baseline -0.003 -32"><span class='ocrx_word' id='word_1_175' title='bbox 297 2932 488 3004; x_wconf 88' lang='lat' dir='ltr'><strong>Memorant</strong></span> <span class='ocrx_word' id='word_1_176' title='bbox 503 2938 575 3005; x_wconf 86' lang='lat' dir='ltr'><strong>Cat</strong></span> <span class='ocrx_word' id='word_1_177' title='bbox 586 2935 668 3006; x_wconf 90' lang='lat' dir='ltr'><strong>Bibl.</strong></span> <span class='ocrx_word' id='word_1_178' title='bbox 688 2960 756 3032; x_wconf 87' lang='lat' dir='ltr'><strong>reg.</strong></span> <span class='ocrx_word' id='word_1_179' title='bbox 767 2937 868 3006; x_wconf 89' lang='lat' dir='ltr'><strong>Paris.</strong></span> <span class='ocrx_word' id='word_1_180' title='bbox 887 2950 922 3005; x_wconf 90' lang='lat' dir='ltr'><strong>et</strong></span> <span class='ocrx_word' id='word_1_181' title='bbox 938 2934 1119 3019; x_wconf 80' lang='lat' dir='ltr'><strong>Maittaire‚</strong></span> <span class='ocrx_word' id='word_1_182' title='bbox 1138 2946 1200 3001; x_wconf 89' lang='lat' dir='ltr'><strong>etc.</strong></span> <span class='ocrx_word' id='word_1_183' title='bbox 1216 2932 1297 2999; x_wconf 78' lang='lat' dir='ltr'><strong>Haec</strong></span> <span class='ocrx_word' id='word_1_184' title='bbox 1314 2944 1364 2998; x_wconf 81' lang='lat' dir='ltr'><strong>est</strong></span> 
     </span>
     <span class='ocr_line' id='line_1_25' title="bbox 297 3036 1364 3137; baseline -0.004 -30"><span class='ocrx_word' id='word_1_185' title='bbox 297 3039 404 3133; x_wconf 90' lang='lat' dir='ltr'><strong>prima</strong></span> <span class='ocrx_word' id='word_1_186' title='bbox 422 3044 573 3113; x_wconf 86' lang='lat' dir='ltr'><strong>recensio</strong></span> <span class='ocrx_word' id='word_1_187' title='bbox 589 3044 724 3137; x_wconf 81' lang='lat' dir='ltr'><strong>Critioa.</strong></span> <span class='ocrx_word' id='word_1_188' title='bbox 736 3044 828 3113; x_wconf 86' lang='lat' dir='ltr'><strong>Usus</strong></span> <span class='ocrx_word' id='word_1_189' title='bbox 847 3041 914 3112; x_wconf 88' lang='lat' dir='ltr'><strong>scil.</strong></span> <span class='ocrx_word' id='word_1_190' title='bbox 932 3056 983 3111; x_wconf 90' lang='lat' dir='ltr'><strong>est</strong></span> <span class='ocrx_word' id='word_1_191' title='bbox 996 3037 1106 3112; x_wconf 85' lang='lat' dir='ltr'><strong>Codd.</strong></span> <span class='ocrx_word' id='word_1_192' title='bbox 1123 3038 1287 3131; x_wconf 84' lang='lat' dir='ltr'><strong>antiquis,</strong></span> <span class='ocrx_word' id='word_1_193' title='bbox 1304 3036 1364 3104; x_wconf 93' lang='lat' dir='ltr'><strong>im·</strong></span> 
     </span>
     <span class='ocr_line' id='line_1_26' title="bbox 296 3140 1364 3241; baseline -0.004 -27"><span class='ocrx_word' id='word_1_194' title='bbox 296 3148 411 3237; x_wconf 91' lang='lat' dir='ltr'><strong>primis</strong></span> <span class='ocrx_word' id='word_1_195' title='bbox 423 3151 645 3221; x_wconf 83' lang='lat' dir='ltr'><strong>vetustissimo</strong></span> <span class='ocrx_word' id='word_1_196' title='bbox 658 3175 678 3219; x_wconf 98' lang='lat' dir='ltr'><strong>e</strong></span> <span class='ocrx_word' id='word_1_197' title='bbox 689 3150 868 3220; x_wconf 85' lang='lat' dir='ltr'><strong>Germania</strong></span> <span class='ocrx_word' id='word_1_198' title='bbox 883 3146 925 3217; x_wconf 88' lang='lat' dir='ltr'><strong>ad</strong></span> <span class='ocrx_word' id='word_1_199' title='bbox 940 3144 1171 3241; x_wconf 89' lang='lat' dir='ltr'><strong>corrigendum</strong></span> <span class='ocrx_word' id='word_1_200' title='bbox 1185 3157 1220 3212; x_wconf 82' lang='lat' dir='ltr'><strong>et</strong></span> <span class='ocrx_word' id='word_1_201' title='bbox 1230 3140 1364 3237; x_wconf 82' lang='lat' dir='ltr'><strong>explen-</strong></span> 
     </span>
     <span class='ocr_line' id='line_1_27' title="bbox 296 3248 1365 3348; baseline -0.003 -28"><span class='ocrx_word' id='word_1_202' title='bbox 296 3248 386 3322; x_wconf 88' lang='lat' dir='ltr'><strong>dum.</strong></span> <span class='ocrx_word' id='word_1_203' title='bbox 407 3254 545 3324; x_wconf 86' lang='lat' dir='ltr'><strong>Addidit</strong></span> <span class='ocrx_word' id='word_1_204' title='bbox 565 3270 599 3325; x_wconf 92' lang='lat' dir='ltr'><strong>et</strong></span> <span class='ocrx_word' id='word_1_205' title='bbox 619 3254 683 3325; x_wconf 88' lang='lat' dir='ltr'><strong>alia</strong></span> <span class='ocrx_word' id='word_1_206' title='bbox 703 3258 872 3342; x_wconf 77' lang='lat' dir='ltr'><strong>cannino,</strong></span> <span class='ocrx_word' id='word_1_207' title='bbox 893 3278 965 3348; x_wconf 87' lang='lat' dir='ltr'><strong>quae</strong></span> <span class='ocrx_word' id='word_1_208' title='bbox 988 3254 1022 3321; x_wconf 91' lang='lat' dir='ltr'><strong>in</strong></span> <span class='ocrx_word' id='word_1_209' title='bbox 1042 3252 1203 3347; x_wconf 86' lang='lat' dir='ltr'><strong>superiori</strong></span> <span class='ocrx_word' id='word_1_210' title='bbox 1224 3249 1274 3319; x_wconf 80' lang='lat' dir='ltr'><strong>ed</strong></span> <span class='ocrx_word' id='word_1_211' title='bbox 1297 3273 1365 3317; x_wconf 91' lang='lat' dir='ltr'><strong>non</strong></span> 
     </span>
     <span class='ocr_line' id='line_1_28' title="bbox 296 3356 1363 3457; baseline -0.001 -32"><span class='ocrx_word' id='word_1_212' title='bbox 296 3372 399 3427; x_wconf 88' lang='lat' dir='ltr'><strong>erant.</strong></span> <span class='ocrx_word' id='word_1_213' title='bbox 422 3362 483 3429; x_wconf 89' lang='lat' dir='ltr'><strong>Est</strong></span> <span class='ocrx_word' id='word_1_214' title='bbox 503 3362 603 3457; x_wconf 86' lang='lat' dir='ltr'><strong>igitur</strong></span> <span class='ocrx_word' id='word_1_215' title='bbox 622 3362 694 3431; x_wconf 85' lang='lat' dir='ltr'><strong>haec</strong></span> <span class='ocrx_word' id='word_1_216' title='bbox 714 3387 794 3431; x_wconf 90' lang='lat' dir='ltr'><strong>vere</strong></span> <span class='ocrx_word' id='word_1_217' title='bbox 815 3362 969 3457; x_wconf 86' lang='lat' dir='ltr'><strong>princeps</strong></span> <span class='ocrx_word' id='word_1_218' title='bbox 988 3358 1099 3429; x_wconf 89' lang='lat' dir='ltr'><strong>editio.</strong></span> <span class='ocrx_word' id='word_1_219' title='bbox 1110 3356 1255 3428; x_wconf 87' lang='lat' dir='ltr'><strong>Volebat</strong></span> <span class='ocrx_word' id='word_1_220' title='bbox 1269 3356 1363 3449; x_wconf 87' lang='lat' dir='ltr'><strong>Ugo·</strong></span> 
     </span>
     <span class='ocr_line' id='line_1_29' title="bbox 297 3460 1365 3562; baseline 0.001 -32"><span class='ocrx_word' id='word_1_221' title='bbox 297 3460 381 3533; x_wconf 90' lang='lat' dir='ltr'><strong>letus</strong></span> <span class='ocrx_word' id='word_1_222' title='bbox 400 3481 435 3535; x_wconf 89' lang='lat' dir='ltr'><strong>et</strong></span> <span class='ocrx_word' id='word_1_223' title='bbox 454 3464 589 3537; x_wconf 89' lang='lat' dir='ltr'><strong>alterius</strong></span> <span class='ocrx_word' id='word_1_224' title='bbox 609 3466 784 3561; x_wconf 85' lang='lat' dir='ltr'><strong>Claudiani</strong></span> <span class='ocrx_word' id='word_1_225' title='bbox 807 3492 908 3562; x_wconf 88' lang='lat' dir='ltr'><strong>opera</strong></span> <span class='ocrx_word' id='word_1_226' title='bbox 930 3465 1051 3535; x_wconf 85' lang='lat' dir='ltr'><strong>addere</strong></span> <span class='ocrx_word' id='word_1_227' title='bbox 1071 3492 1078 3531; x_wconf 75' lang='grc' dir='ltr'><strong>ε</strong></span> <span class='ocrx_word' id='word_1_228' title='bbox 1099 3463 1156 3534; x_wconf 88' lang='lat' dir='ltr'><strong>sed</strong></span> <span class='ocrx_word' id='word_1_229' title='bbox 1176 3463 1218 3532; x_wconf 90' lang='lat' dir='ltr'><strong>ad</strong></span> <span class='ocrx_word' id='word_1_230' title='bbox 1238 3462 1365 3556; x_wconf 82' lang='lat' dir='ltr'><strong>Regem</strong></span> 
     </span>
     <span class='ocr_line' id='line_1_30' title="bbox 297 3569 1344 3667; baseline -0.005 -28"><span class='ocrx_word' id='word_1_231' title='bbox 297 3569 408 3667; x_wconf 88' lang='lat' dir='ltr'><strong>Hung.</strong></span> <span class='ocrx_word' id='word_1_232' title='bbox 426 3574 603 3644; x_wconf 86' lang='lat' dir='ltr'><strong>Matthiam</strong></span> <span class='ocrx_word' id='word_1_233' title='bbox 624 3588 761 3643; x_wconf 90' lang='lat' dir='ltr'><strong>vocatus</strong></span> <span class='ocrx_word' id='word_1_234' title='bbox 781 3575 921 3667; x_wconf 88' lang='lat' dir='ltr'><strong>abjicere</strong></span> <span class='ocrx_word' id='word_1_235' title='bbox 941 3570 1114 3642; x_wconf 89' lang='lat' dir='ltr'><strong>eonsilium</strong></span> <span class='ocrx_word' id='word_1_236' title='bbox 1133 3583 1267 3640; x_wconf 86' lang='lat' dir='ltr'><strong>coactus</strong></span> <span class='ocrx_word' id='word_1_237' title='bbox 1284 3582 1344 3635; x_wconf 86' lang='lat' dir='ltr'><strong>est.</strong></span> 
     </span>
    </p>

    <p class='ocr_par' dir='ltr' id='par_1_10' title="bbox 297 3673 1362 3874">
     <span class='ocr_line' id='line_1_31' title="bbox 355 3673 1362 3776; baseline -0.005 -28"><span class='ocrx_word' id='word_1_238' title='bbox 355 3678 464 3774; x_wconf 87' lang='grc'><strong>1495.</strong></span> <span class='ocrx_word' id='word_1_239' title='bbox 489 3682 623 3750; x_wconf 83' lang='lat' dir='ltr'><strong>Veneta</strong></span> <span class='ocrx_word' id='word_1_240' title='bbox 640 3684 691 3767; x_wconf 87' lang='grc' dir='ltr'><strong>ΙΙ,</strong></span> <span class='ocrx_word' id='word_1_241' title='bbox 714 3682 866 3776; x_wconf 78' lang='lat' dir='ltr'><strong>Ugolett&#39;;</strong></span> <span class='ocrx_word' id='word_1_242' title='bbox 888 3679 1054 3775; x_wconf 89' lang='lat' dir='ltr'><strong>impressit</strong></span> <span class='ocrx_word' id='word_1_243' title='bbox 1073 3680 1123 3745; x_wconf 89' lang='lat' dir='ltr'><strong>Jo.</strong></span> <span class='ocrx_word' id='word_1_244' title='bbox 1142 3676 1186 3745; x_wconf 86' lang='lat' dir='ltr'><strong>de</strong></span> <span class='ocrx_word' id='word_1_245' title='bbox 1207 3673 1362 3761; x_wconf 61' lang='lat' dir='ltr'><strong>murno,</strong></span> 
     </span>
     <span class='ocr_line' id='line_1_32' title="bbox 297 3780 1266 3874; baseline 0 -24"><span class='ocrx_word' id='word_1_246' title='bbox 297 3781 376 3853; x_wconf 89' lang='lat' dir='ltr'><strong>alias</strong></span> <span class='ocrx_word' id='word_1_247' title='bbox 399 3789 589 3873; x_wconf 75' lang='lat' dir='ltr'><strong>Tacuinus,</strong></span> <span class='ocrx_word' id='word_1_248' title='bbox 612 3791 646 3874; x_wconf 90' lang='grc'><strong>4.</strong></span> <span class='ocrx_word' id='word_1_249' title='bbox 668 3788 839 3857; x_wconf 87' lang='lat' dir='ltr'><strong>Laudatur</strong></span> <span class='ocrx_word' id='word_1_250' title='bbox 856 3788 891 3855; x_wconf 90' lang='lat' dir='ltr'><strong>in</strong></span> <span class='ocrx_word' id='word_1_251' title='bbox 911 3784 1017 3855; x_wconf 84' lang='lat' dir='ltr'><strong>Catal.</strong></span> <span class='ocrx_word' id='word_1_252' title='bbox 1036 3782 1119 3852; x_wconf 91' lang='lat' dir='ltr'><strong>Bibl.</strong></span> <span class='ocrx_word' id='word_1_253' title='bbox 1139 3780 1266 3850; x_wconf 86' lang='lat' dir='ltr'><strong>Harles.</strong></span> 
     </span>
    </p>

    <p class='ocr_par' dir='ltr' id='par_1_11' title="bbox 297 3888 1366 4089">
     <span class='ocr_line' id='line_1_33' title="bbox 356 3888 1366 3987; baseline -0.005 -28"><span class='ocrx_word' id='word_1_254' title='bbox 356 3891 466 3987; x_wconf 92' lang='grc'><strong>1496.</strong></span> <span class='ocrx_word' id='word_1_255' title='bbox 480 3898 663 3963; x_wconf 73' lang='lat' dir='ltr'><strong>Vicentma</strong></span> <span class='ocrx_word' id='word_1_256' title='bbox 679 3896 729 3980; x_wconf 87' lang='lat' dir='ltr'><strong>II,</strong></span> <span class='ocrx_word' id='word_1_257' title='bbox 742 3895 895 3979; x_wconf 69' lang='lat' dir='ltr'><strong>Codani,</strong></span> <span class='ocrx_word' id='word_1_258' title='bbox 917 3890 974 3962; x_wconf 85' lang='grc'><strong>401.</strong></span> <span class='ocrx_word' id='word_1_259' title='bbox 988 3888 1160 3960; x_wconf 88' lang='lat' dir='ltr'><strong>Laudatur</strong></span> <span class='ocrx_word' id='word_1_260' title='bbox 1180 3888 1366 3969; x_wconf 77' lang='lat' dir='ltr'><strong>Maittari03</strong></span> 
     </span>
     <span class='ocr_line' id='line_1_34' title="bbox 297 3992 1333 4089; baseline -0.004 -26"><span class='ocrx_word' id='word_1_261' title='bbox 297 3994 355 4063; x_wconf 87' lang='lat' dir='ltr'><strong>sed</strong></span> <span class='ocrx_word' id='word_1_262' title='bbox 376 4021 396 4065; x_wconf 93' lang='lat' dir='ltr'><strong>a</strong></span> <span class='ocrx_word' id='word_1_263' title='bbox 418 4000 567 4070; x_wconf 87' lang='lat' dir='ltr'><strong>Fabricio</strong></span> <span class='ocrx_word' id='word_1_264' title='bbox 588 4002 623 4068; x_wconf 92' lang='lat' dir='ltr'><strong>in</strong></span> <span class='ocrx_word' id='word_1_265' title='bbox 644 4000 697 4069; x_wconf 88' lang='lat' dir='ltr'><strong>ed.</strong></span> <span class='ocrx_word' id='word_1_266' title='bbox 718 4014 785 4069; x_wconf 86' lang='lat' dir='ltr'><strong>vet.</strong></span> <span class='ocrx_word' id='word_1_267' title='bbox 809 3998 891 4069; x_wconf 81' lang='lat' dir='ltr'><strong>falso</strong></span> <span class='ocrx_word' id='word_1_268' title='bbox 914 3999 956 4068; x_wconf 87' lang='lat' dir='ltr'><strong>ad</strong></span> <span class='ocrx_word' id='word_1_269' title='bbox 977 4022 1029 4066; x_wconf 86' lang='lat' dir='ltr'><strong>an.</strong></span> <span class='ocrx_word' id='word_1_270' title='bbox 1057 3995 1155 4089; x_wconf 89' lang='grc'><strong>1498</strong></span> <span class='ocrx_word' id='word_1_271' title='bbox 1180 3992 1333 4061; x_wconf 88' lang='lat' dir='ltr'><strong>refertur.</strong></span> 
     </span>
    </p>

    <p class='ocr_par' dir='ltr' id='par_1_12' title="bbox 356 4096 1369 4201">
     <span class='ocr_line' id='line_1_35' title="bbox 356 4096 1369 4201; baseline -0.011 -23"><span class='ocrx_word' id='word_1_272' title='bbox 356 4101 455 4178; x_wconf 83' lang='lat'><strong>1500.</strong></span> <span class='ocrx_word' id='word_1_273' title='bbox 470 4110 606 4177; x_wconf 79' lang='lat' dir='ltr'><strong>Veneta</strong></span> <span class='ocrx_word' id='word_1_274' title='bbox 613 4108 685 4195; x_wconf 88' lang='lat'>111,</span> <span class='ocrx_word' id='word_1_275' title='bbox 699 4108 848 4201; x_wconf 66' lang='lat' dir='ltr'><strong>agouti,</strong></span> <span class='ocrx_word' id='word_1_276' title='bbox 867 4107 1023 4201; x_wconf 89' lang='lat' dir='ltr'><strong>impressa</strong></span> <span class='ocrx_word' id='word_1_277' title='bbox 1040 4126 1099 4196; x_wconf 90' lang='lat' dir='ltr'><strong>per</strong></span> <span class='ocrx_word' id='word_1_278' title='bbox 1113 4099 1307 4195; x_wconf 87' lang='lat' dir='ltr'><strong>Christoph.</strong></span> <span class='ocrx_word' id='word_1_279' title='bbox 1324 4096 1369 4168; x_wconf 85' lang='lat' dir='ltr'><strong>do</strong></span> 
     </span>
    </p>
   </div>
   <div class='ocr_carea' id='block_1_8' title="bbox 0 0 1536 4900">
    <p class='ocr_par' dir='ltr' id='par_1_13' title="bbox 0 0 1536 4900">
     <span class='ocr_line' id='line_1_36' title="bbox 0 0 1536 4900; baseline 0 0"><span class='ocrx_word' id='word_1_280' title='bbox 0 0 1536 4900; x_wconf 95' lang='lat' dir='ltr'><strong> </strong></span> 
     </span>
    </p>
   </div>
  </div>
 </body>
</html>
