3034 4900
425 486 496 555 DE
522 486 579 554 Vl
605 485 755 555 CONS.
784 488 1031 559 HONORII.
1177 494 1247 566 133

186 618 279 707 Quid
299 614 447 687 laceret?
467 613 616 685 differret
636 615 720 685 iter?
735 617 923 688 discrimina
938 620 1043 691 nullas

187 727 312 795 Nostra
332 722 457 792 dabant
475 721 624 791 adeunda
642 747 760 792 moras.
775 727 1007 820 Perrumperet
1024 730 1164 823 agmen?
1212 758 1250 803 m

187 830 251 899 Sed
268 831 386 924 paucis
407 830 584 898 comitatus
603 843 694 898 erat:
710 854 787 898 nam
805 828 946 925 plurima
967 848 1074 921 retro,
1148 900 1151 908 .

189 938 280 1005 Dum
310 934 406 1004 nobis
427 948 584 1029 properat
601 959 811 1023 succurrere,
833 935 972 1030 liquerat
990 963 1083 1009 anna

188 1044 332 1126 Externa,
348 1038 402 1109 vel
417 1056 546 1108 nostras
564 1042 659 1110 acies.
675 1044 748 1111 Hoc
764 1040 817 1110 ille
832 1040 957 1112 locatus

190 1148 360 1240 Ancipiti,
379 1144 514 1239 longum
537 1147 641 1215 socias
658 1147 855 1242 tardumque
871 1150 1000 1242 putavit

190 1254 409 1347 Exspectasse
425 1274 562 1339 manus,
577 1266 611 1321 et
628 1266 740 1322 nostra
757 1252 902 1347 pericula
914 1254 1019 1323 tendit
1216 1286 1254 1335 ιιι

190 1358 392 1427 Posthabitis
407 1356 538 1452 pulsare
551 1360 639 1445 suis,
657 1358 864 1453 mediumque
879 1384 939 1453 per
955 1360 1082 1431 hostem

192 1462 397 1533 flammatus
409 1463 532 1532 virtute
548 1466 620 1557 pia,
634 1466 840 1559 propriaeque
855 1464 968 1535 salutis

192 1571 396 1656 Immemor,
415 1582 449 1637 et
464 1570 580 1638 stricto
593 1584 804 1664 prosternens
824 1571 922 1639 obvia
941 1573 1043 1659 ferro,

194 1677 342 1744 Barbara
355 1672 513 1744 fulmineo
528 1677 631 1745 secuit
645 1679 785 1745 tentoria
798 1701 908 1746 cursu.

244 1782 349 1850 Nunc
365 1780 448 1849 mihi
466 1778 617 1874 Tydiden
634 1780 785 1851 attollant
802 1784 947 1851 carmina
964 1798 1095 1871 vatum,
1215 1822 1256 1869 470

195 1886 296 1975 Quod
311 1887 430 1981 juncto
445 1886 549 1955 fidens
569 1886 685 1957 Ithaco
703 1888 867 1983 patefacta
879 1888 1019 1958 Dolonis

197 1992 345 2081 indicio,
360 1992 565 2087 dapibusque
582 1992 697 2080 simul,
710 1992 911 2088 religataque
931 2020 1047 2064 somno

198 2098 337 2167 Thracia
353 2099 451 2193 sopiti
465 2100 686 2192 penetraverit
698 2102 831 2193 agmina
843 2101 968 2186 Rhesi,

202 2204 367 2297 Graiaque
377 2203 539 2273 rettulerit
554 2219 671 2299 captos
680 2205 723 2274 ad
736 2219 843 2273 castra
853 2204 991 2299 jugales.

205 2308 421 2397 Quorum,
398 2334 424 2377 si
444 2333 511 2403 qua
528 2310 609 2380 fides
614 2310 825 2414 augentibus
847 2311 955 2379 omnia
972 2310 1093 2396 Musis,
1221 2338 1258 2387 hs

204 2416 349 2510 Impetus
369 2416 507 2486 excessit
522 2416 712 2535 Zephyros,
728 2415 916 2511 candorque
931 2418 1073 2536 pruinas

203 2523 337 2591 Ecce
305 2547 433 2608 virum,
448 2522 539 2591 taciti
551 2548 608 2616 qur
599 2521 712 2591 nulla
731 2522 846 2591 fraude
860 2526 991 2617 soporis

202 2629 287 2697 Ense
301 2627 413 2723 palam
434 2627 496 2696 sibi
512 2627 653 2723 pandit
644 2643 722 2715 iter,
740 2643 929 2722 remeatque
943 2643 1115 2713 cruentus,

200 2735 244 2802 Et
256 2735 452 2806 Diomedeis
464 2748 594 2803 tantum
609 2732 797 2827 preclarior
812 2736 918 2819 ausis,

200 2938 242 2989 vel
252 2935 366 3008 lapideis
378 2936 563 3009 pilis,quibus
577 2955 646 3009 pons
658 2939 708 2991 im·
752 2940 845 3010 equis,
864 2957 930 3010 quos
950 2938 1089 2992 interfecto
1104 2937 1213 2992 domino
1233 2941 1261 2994 in

202 3016 304 3086 ponitus
313 3029 371 3082 est,
386 3015 521 3089 impedita
532 3029 560 3070 et
573 3029 710 3070 cerretano
753 3031 836 3072 castra
843 3018 933 3071 Graeca
940 3016 1100 3089 perducunt.
1112 3017 1183 3071 Nunc
1192 3021 1261 3082 milti,-

201 3113 277 3166 εφη
293 3109 367 3150 tanto
393 3097 477 3168 magis
500 3097 662 3162 incitantur,
685 3109 712 3151 et
757 3098 890 3169 tibiprim.
902 3108 999 3150 ettert.
1013 3098 1075 3149 Vat.
1089 3098 1181 3149 etalii.

204 3187 408 3246 aguntqmrnu.
796 3184 860 3247 47²·
872 3177 957 3246 deliga
943 3189 1000 3239 ata,
1015 3173 1137 3227 devincta
1148 3176 1211 3228 hinc
1224 3196 1262 3229 sa·

248 3257 313 3315 coo.
338 3254 463 3308 Adada
488 3267 564 3307 mut
592 3253 712 3308 Honorio
754 3256 880 3320 turbate,
891 3257 1058 3317 hincmaro,
1068 3254 1261 3325 Rhesiagrnina

201 3334 358 3396 demina,
379 3336 404 3388 si
423 3345 561 3387 cunctatus
580 3345 647 3387 acet
665 3333 714 3387 Sti·
754 3347 893 3408 penetrare
903 3335 939 3387 ob
950 3332 1073 3406 idipsum
1085 3333 1201 3387 nonfuit
1212 3331 1263 3388 dis

200 3413 281 3468 liebo.
755 3415 835 3469 ficile.

243 3498 310 3563 467.
323 3493 414 3546 Vim
435 3496 481 3563 pta
503 3504 543 3544 eet
562 3490 711 3555 fortitudo,
798 3501 862 3564 473.
883 3491 964 3546 Rhesi.
985 3492 1036 3546 llic
1058 3511 1105 3545 rex
1128 3492 1263 3546 'Iluacum

205 3572 437 3664 qnmnctimnlat'
428 3573 570 3642 incitatque
578 3575 657 3643 pietas
670 3589 712 3624 so·
755 3585 831 3637 erat,
850 3571 923 3624 etad
938 3573 1116 3644 Troianorum
1135 3571 1261 3624 auxilium

207 3665 261 3702 cm
278 3651 306 3704 in
326 3669 473 3723 genuum
491 3651 579 3723 magni
598 3651 663 3704 civis
683 3651 711 3705 iu
754 3652 887 3724 veniebat,
898 3663 924 3704 et
935 3651 1046 3705 clausis
1036 3671 1090 3722 Jarn
1100 3651 1188 3719 Troja
1198 3668 1262 3721 por·

207 3729 361 3801 ptindpem.
755 3731 790 3784 tis
804 3731 832 3782 iu
845 3729 922 3784 litore
936 3731 1050 3784 tentoria
1061 3729 1168 3793 fixerat,
1180 3729 1227 3781 ubi
1244 3747 1259 3780 a

252 3814 315 3878 ⁴7⁰·
332 3808 424 3864 niudis
445 3807 554 3863 decimu
574 3827 712 3881 argumen-
754 3811 860 3862 Dolone
873 3809 1012 3880 proditus,
1029 3820 1055 3861 et
1067 3825 1082 3860 a
1094 3805 1222 3870 Diomede
1236 3821 1262 3862 et

207 3887 711 3962 tumffliomdeeTydeiffliucettlee
755 3889 851 3958 Ulysse
862 3887 948 3958 prima
960 3899 1038 3939 nocte
1047 3884 1157 3939 occisus.

203 3983 249 4019 aa
268 3967 404 4036 explorant
421 3981 507 4022 metra
516 3969 713 4039 Troianorum
800 3969 864 4035 476.
873 3967 1018 4030 Homerus,
1030 3962 1182 4032 Iliad.X,r.
1195 3965 1266 4033 437:

203 4063 238 4098 ex
255 4045 405 4119 interoqrto
426 4048 534 4102 Dolone
557 4045 661 4100 discunt
680 4045 714 4099 de
758 4045 1081 4114 Arumrrpugu'roe,teiur
1096 4039 1123 4096 δ’
1142 4046 1263 4116 ἀιίμοισιν

201 4125 298 4194 Rhesi,
311 4127 433 4184 Thracia
451 4126 536 4197 regis,
552 4125 669 4182 adventu
688 4139 715 4179 et
839 4126 923 4193 ὁμοῖοι.

1076 4233 1087 4272 3

1045 4273 1070 4342 9
