3034 4900
404 429 730 541 nmunlmml
756 470 992 545 xxxvm.
1157 474 1229 572 397

82 672 85 677 .
168 608 326 677 Materies
347 619 489 700 cognata
507 620 613 691 tenet,
635 604 822 677 discrimine
841 602 944 677 nullo.

168 717 231 783 Vir
248 712 335 782 redit
349 714 384 781 in
402 737 561 781 currum:
581 712 749 781 ducuntur
767 713 809 783 ab
827 738 887 783 ure
903 711 1051 808 jugales:
1220 742 1233 784 ⁵
1272 720 1274 730 ¹

168 823 222 890 Ex
240 818 304 888 ulio
326 843 359 888 se
381 820 518 913 quisque
539 816 627 888 iacit.
647 820 733 908 Quae
751 834 844 889 tanta
864 817 1034 914 potestus?

168 930 249 996 Una
270 924 349 995 silex
370 939 421 994 tot
441 924 591 993 membra
611 923 707 1021 ligat,
728 925 914 1020 ductusque
935 950 995 1021 per
1017 939 1121 995 artem

170 1034 271 1102 Mons
287 1032 414 1125 patiens
430 1030 510 1101 ferri
526 1033 636 1100 varios
652 1046 800 1101 mutatur
817 1034 852 1101 in
870 1046 971 1102 artus.

170 1231 329 1286 velutmotu
337 1243 416 1302 atque
428 1243 488 1285 ectu
502 1249 509 1283 z
521 1229 567 1283 red
578 1231 681 1301 auriga,
705 1235 712 1243 '
725 1251 755 1283 er
769 1234 819 1283 alio
828 1272 836 1300 ‚
844 1231 984 1303 proximo,
994 1230 1181 1285 cniooutineuu
1189 1246 1236 1285 ost.

170 1312 260 1375 frena,
269 1310 346 1381 equi,
355 1310 410 1364 uuir
418 1348 426 1374 ,
435 1322 513 1377 roto,
525 1310 684 1364 omniueunt
727 1309 782 1364 Sed
791 1312 876 1364 iuteor
884 1312 954 1365 hunc
963 1311 1117 1377 formulam,
1126 1314 1235 1379 refacit,

173 1410 208 1444 ex
218 1389 309 1461 lupide
327 1388 430 1443 eodem.
445 1390 542 1461 Itaque
562 1390 611 1443 Vir
622 1390 685 1443 redit
727 1390 794 1443 mihi
803 1390 884 1444 nimiu
894 1388 1019 1443 audacem
1030 1389 1115 1445 videri
1126 1427 1134 1454 ‚
1145 1404 1172 1443 et
1179 1392 1238 1443 har·

172 1474 200 1523 in
212 1490 326 1536 currum,
343 1470 485 1523 continuus
502 1481 542 1523 ert
557 1482 584 1522 et
596 1470 682 1523 conti·
727 1472 824 1523 burum
831 1468 934 1541 aliquid
942 1470 1040 1524 habere
1047 1468 1238 1524 hodiernorum

170 1569 239 1603 neue
254 1548 360 1615 currui,
369 1550 466 1619 jugales
483 1550 546 1620 equi
565 1550 684 1601 diruuntur
730 1550 879 1621 linguarum
903 1549 965 1603 usui
985 1550 1150 1616 simile‚ubi
1170 1550 1239 1603 reci-

172 1648 208 1682 ex
221 1627 313 1682 eudem
324 1647 406 1681 massa
418 1628 449 1679 ab
460 1649 515 1681 ate.
529 1628 636 1699 Cogita,
648 1627 685 1681 le·
726 1630 817 1702 procis
826 1629 916 1683 verbio
927 1630 1028 1683 utimur
1038 1648 1088 1702 pro
1098 1629 1217 1701 passivis.

172 1722 248 1775 otor,
258 1706 443 1762 mutuamdum
451 1706 575 1761 funditur
582 1727 614 1761 ex
623 1728 684 1773 ure,
770 1716 796 1773 4.
810 1710 836 1763 F
835 1721 918 1761 mnata
934 1709 1022 1763 Pulm.
1035 1728 1117 1781 marg.

171 1788 214 1842 ibi
224 1789 375 1842 membrum
386 1806 471 1841 uuum
482 1786 592 1841 ducitur
604 1790 637 1841 ab
650 1789 686 1842 ul·
772 1789 797 1842 5.
814 1790 866 1842 Vm
878 1788 950 1861 vulg.
1040 1800 1048 1819 ·’

173 1883 251 1931 tero,
274 1887 328 1921 unu
351 1867 561 1921 continuatione.
582 1870 625 1922 Itu
639 1868 686 1921 hio
771 1872 799 1922 6.
812 1870 856 1922 Er
870 1870 974 1921 altum.
983 1872 1047 1939 jacit
1061 1868 1139 1921 MSS.

172 1947 270 2021 jugulis
285 1948 399 2020 quicque
412 1968 437 1999 se
448 1950 527 2017 facit,
543 1950 614 2001 inter
630 1966 686 2000 ma·
773 1951 799 2003 t.
811 1948 917 2001 Mortem
928 1966 978 2019 pro
989 1966 1066 2013 coxo,
1076 1960 1151 2019 purte
1163 1966 1238 2001 mon-

174 2046 230 2081 nus
244 2028 352 2081 artificio
360 2028 419 2082 fieri
431 2041 458 2081 et
468 2029 555 2083 enasci
565 2026 687 2094 ridetur,
733 2027 784 2094 tir,
799 2028 883 2099 poni,
899 2039 1020 2100 opertum
1034 2040 1081 2081 ert.

183 2222 1234 2247 mmmmtmfflmmWWMUssm

574 2409 844 2494 Lxxxvui

461 2657 631 2724 xrxrrn.
660 2655 961 2704 rnucmnnrum.

180 2797 429 2917 Sonnrnus
446 2869 486 2912 ex
504 2845 652 2915 humeris
674 2845 763 2914 nodo
785 2843 948 2938 dependet
970 2846 1129 2931 amictus,

178 2952 386 3020 Exercentur
407 2951 517 3044 equis,
535 2965 568 3019 et
587 2947 672 3020 colla
690 2953 857 3021 comantia
875 2965 1022 3045 pectunt.

222 3149 621 3222 Hujurlrugmenti‚velpotiuu
632 3169 692 3205 ceu-
735 3153 787 3202 nirr
806 3150 927 3222 symbola
946 3149 1001 3203 sint
1023 3148 1099 3202 foedae
1117 3148 1245 3203 libidinis.¹

179 3228 271 3293 tonis,
291 3247 324 3282 ex
334 3228 450 3302 Virgilio
463 3227 613 3301 desumpti,
630 3250 692 3283 een·
737 3230 789 3282 Vel
808 3230 896 3282 forsan
910 3229 1004 3283 irridet
1019 3229 1141 3283 homiues
1152 3231 1246 3301 pannis

180 3327 228 3362 sus
237 3307 353 3362 difficilis
367 3322 414 3363 eut.
427 3309 467 3362 Ex
480 3311 590 3362 Barthio
603 3309 693 3363 illudit
737 3309 850 3372 obsitos,
865 3321 892 3362 et
905 3309 952 3380 qni
965 3323 1052 3362 tumen
1063 3309 1147 3362 nimio
1162 3328 1245 3381 equo-

181 3388 310 3453 ceretio,
325 3403 352 3442 et
366 3392 423 3461 ejus
431 3391 518 3459 putri,
531 3390 627 3460 quibus
638 3390 694 3460 pri·
737 3407 799 3441 rum
811 3387 900 3442 studio
912 3387 1061 3454 ducuntur,
1075 3389 1140 3443 odeo
1152 3401 1184 3442 ut
1194 3409 1248 3442 mu·

181 3487 230 3520 mo
237 3467 476 3539 exprobrutsordeu
484 3468 637 3534 ,etdeinde
647 3470 695 3522 ob·
737 3469 790 3522 lint
801 3487 895 3521 eornm
907 3469 974 3522 oolla
985 3483 1104 3542 pectere,
1118 3488 1199 3542 quum
1210 3487 1248 3521 se·

181 3547 412 3621 seruitutem,per
427 3549 615 3603 hemistichum
626 3569 694 3600 exer-
739 3548 810 3619 iproe
838 3549 968 3614 lautiore,
993 3549 1077 3602 immo
1103 3549 1249 3602 necessario

183 3639 269 3680 centur
281 3624 363 3702 φῦ,
378 3627 455 3700 quod
472 3649 544 3702 equus
564 3642 590 3682 et
608 3629 694 3680 adluit-
738 3627 837 3681 vestitu
853 3625 972 3682 induere.

551 3817 895 3851 ——400--u
