3034 4900
270 423 346 515 274
487 415 562 483 cn.
590 415 895 484 circuitur
922 417 1107 484 xxxvi.

269 548 433 619 Intumuit
454 548 579 641 pietas;
600 546 628 614 si
649 544 730 639 quid
751 545 942 638 flagrantius
965 561 1075 615 aetum

271 659 382 746 Quam
404 653 515 722 decuit
535 653 716 721 miseram:
739 649 896 745 supplex,
917 652 1109 747 dejectaque
1131 657 1246 724 vestris

269 760 440 830 Advolvor
461 758 624 852 genibus:
648 754 744 826 liceat
766 781 965 852 cognoscere
987 773 1127 846 sortem3

271 871 344 936 Hoc
366 880 521 934 tantum:
544 863 642 932 liceat
662 877 770 932 certos
791 863 945 932 habuisse
966 863 1105 934 dolores.

270 975 360 1042 Scire
382 986 481 1066 peto,
502 993 576 1063 quae
598 970 705 1038 sorma
723 967 801 1037 mali
821 994 828 1036 :
852 993 1082 1066 quamcunque
1103 970 1237 1042 dedistis
1294 1005 1333 1044 κω

271 1082 471 1159 Fortunam,
494 1077 520 1144 si
542 1089 637 1161 uota,
659 1075 782 1161 feram,
804 1074 974 1170 fatumque
996 1077 1138 1171 putabo,

272 1184 351 1253 Non
372 1181 501 1252 scelus:
525 1181 734 1276 adspectum,
757 1205 891 1274 precor,
914 1181 1081 1278 indulgete
1103 1185 1240 1278 parenti.

271 1294 348 1359 Non
370 1301 531 1383 repetam,
557 1287 693 1380 quaesita
715 1311 816 1356 manu
839 1310 973 1357 securus
995 1289 1136 1376 habeto,

272 1397 431 1488 Quisquis
453 1417 505 1480 es;
526 1391 657 1462 affirmo
679 1393 844 1486 praedam3
865 1392 984 1464 desiste
1007 1398 1121 1464 vereri.

273 1499 375 1592 Quod
397 1501 423 1567 si
445 1523 505 1566 nos
528 1497 637 1593 aliquo
659 1500 821 1593 prevenit
841 1498 964 1568 foedere
986 1516 1117 1596 raptor,
1297 1532 1335 1570 sos

272 1609 323 1674 Tu
343 1619 450 1692 certe,
471 1607 617 1688 Latona,
637 1605 748 1674 reser:
772 1605 921 1674 consessa
939 1608 1047 1674 Diana

247 1744 250 1750 ¹
273 1717 372 1781 Forte
389 1711 472 1779 tibi:
493 1711 580 1780 nosti
599 1709 679 1804 quid
699 1710 741 1778 sit
757 1713 901 1798 Lucina,
923 1713 995 1805 quis
1017 1710 1136 1782 horror

275 1821 339 1887 Pro
360 1818 494 1911 genitis,
513 1830 548 1884 et
564 1829 707 1909 quantus
727 1839 841 1904 amor3
862 1831 1041 1912 partusque
1064 1818 1166 1888 tulisti

274 1927 325 1992 Tu
348 1925 494 2016 geminos
515 1948 522 1988 :
545 1923 617 1992 haec
637 1945 704 1990 una
722 1921 804 1990 mibi
822 1947 828 1989 :
849 1922 895 1991 sic
916 1925 1008 1993 crine
1030 1924 1149 1994 fruaris

275 2033 411 2122 Semper
432 2025 621 2122 Apollineo,
642 2029 689 2097 sic
709 2053 762 2096 me
785 2027 910 2098 felicior
927 2054 1034 2100 aevum
1298 2063 1337 2100 so

279 2239 326 2296 rit.
342 2235 446 2291 Invidia
460 2249 491 2289 ut
506 2255 596 2290 musca
613 2248 654 2289 est
665 2237 788 2310 Appula,
831 2235 865 2290 de
879 2257 934 2290 non
947 2237 1087 2311 prodendo
1103 2240 1233 2307 facinore3
1249 2253 1275 2294 at
1289 2254 1336 2302 tu,

282 2337 349 2392 quse,
361 2317 459 2370 relictis
469 2317 588 2388 partibus
599 2315 725 2380 canisae}
738 2317 788 2369 mi·
831 2319 1006 2390 Latona‚qua
1016 2321 1089 2374 nullo
1097 2319 1195 2374 loedere
1206 2333 1252 2374 aut
1260 2335 1339 2393 pacto

281 2401 354 2455 nima
375 2398 488 2451 rimatur
510 2396 610 2460 ulcera,
633 2395 733 2467 quibus
754 2394 789 2450 ad
831 2397 937 2463 teneris,
947 2409 1069 2453 ettamen
1079 2399 1191 2453 fortede
1202 2413 1246 2455 tua
1255 2401 1339 2455 Diana

282 2480 428 2534 satietatem
457 2474 630 2540 adbcrescat,
658 2495 789 2547 suumque
833 2477 1016 2546 expiscatum,
1030 2478 1096 2531 mibi
1108 2478 1208 2537 indica,
1221 2494 1271 2533 etc.
1286 2478 1340 2535 Sed

283 2570 370 2631 passm
392 2556 521 2610 animum.
543 2552 619 2621 Quid
637 2555 737 2607 vultis?
757 2556 790 2607 si·
831 2556 1334 2627 vulgatalectiopaeneviridior‚sivos,

284 2639 347 2692 mile
356 2637 436 2691 simili
446 2634 556 2707 gaudet:
570 2634 657 2686 ulcera
667 2646 790 2705 quaernnt
833 2646 874 2698 te,
887 2634 985 2699 Pallas,
999 2652 1029 2687 ac
1042 2646 1081 2699 te,
1095 2637 1190 2698 Diana,
1205 2637 1273 2689 forte
1287 2658 1341 2691 mu·

284 2718 476 2770 homunciones
489 2712 611 2766 ulcerosi.
833 2730 887 2763 rere
904 2713 993 2783 aliquo
1013 2712 1075 2766 dato
1091 2715 1244 2785 occupavit,
1266 2731 1340 2771 ante·

328 2797 389 2862 296.
401 2795 517 2845 duumuir
525 2792 620 2862 pietas,
631 2792 659 2842 in
669 2792 736 2843 iram
746 2810 789 2843 ao·
833 2808 912 2861 quam
932 2809 981 2861 ego
1002 2792 1180 2862 supplicatum
1197 2796 1275 2850 vobis
1294 2818 1340 2851 ve·

286 2891 362 2926 censa
377 2884 424 2924 est.
439 2871 577 2939 Frequens
595 2882 634 2922 est
648 2868 718 2939 apud
733 2869 789 2921 No·
834 2869 933 2933 nirem,
948 2888 978 2923 nc
992 2868 1111 2925 devinxit
1122 2885 1235 2945 raptor:
1252 2889 1280 2929 at
1294 2888 1341 2943 tu,

285 2967 371 3005 suum
385 2950 430 3003 illa
444 2954 541 3000 tumoris
555 2960 582 3000 et
595 2948 699 3000 sumendi
710 2961 738 3001 et
750 2962 790 3001 tu·
834 2950 952 3017 Latona,
963 2962 1012 3003 etc.

285 3022 401 3083 manendi
408 3026 686 3099 significatio,ubipsa
695 3040 791 3081 natura
875 3028 941 3099 307.
964 3030 1033 3099 Quid
1049 3035 1082 3083 sit
1098 3031 1147 3085 tibi
1166 3034 1258 3087 Lucina
1279 3048 1339 3099 tua,

285 3113 389 3172 hausta,
406 3128 485 3181 quarn
501 3105 628 3160 describit
639 3108 720 3169 VIII,
736 3114 789 3172 040
835 3127 913 3179 quarn
929 3128 1020 3163 carum
1036 3111 1132 3182 pignus
1147 3112 1219 3166 illam
1234 3115 1338 3169 habeas.

287 3210 344 3262 sqq.
357 3186 791 3242 Illustravitmultisbaslormulas
834 3189 932 3241 Demea
951 3190 1126 3245 Terentianus
1145 3192 1178 3245 ad
1197 3194 1340 3249 Micionem

287 3269 373 3323 beuti.
384 3267 418 3321 ad
430 3268 522 3319 Horat.
533 3268 566 3318 Α.
580 3266 611 3317 Ρ.
629 3284 692 3335 197.
836 3266 888 3319 Ad.
909 3269 938 3333 I,
959 3290 984 3333 2,
1006 3270 1052 3333 45,
1072 3272 1149 3323 Pater
1165 3294 1214 3325 esse
1230 3274 1294 3326 dr'sce
1310 3274 1340 3326 ab

328 3346 393 3399 303.
414 3348 523 3416 Quoesita
543 3364 613 3396 manu
636 3357 711 3408 sunt,
733 3364 793 3416 quse
835 3348 893 3409 illis,
911 3351 1020 3418 quivere
1034 3353 1103 3403 sient.
1117 3352 1246 3406 Provocat
1261 3355 1341 3408 Ceres

288 3426 349 3499 quis
358 3425 429 3477 bello
438 3427 510 3493 justo
519 3424 604 3476 ablata
613 3422 732 3479 hostibus
741 3426 793 3479 sibi
837 3424 985 3479 adsensum
999 3430 1115 3483 Latonas.

287 3504 402 3579 peperit.
417 3503 474 3556 Hac
489 3502 546 3573 lege
561 3503 618 3555 vult
632 3521 688 3555 esse
702 3518 792 3575 rapto·
877 3504 940 3573 309.
961 3506 1091 3579 Perpetua
1110 3513 1236 3583 juventus
1255 3514 1342 3564 intonsi

288 3604 346 3638 rem
354 3584 415 3637 lilia
425 3600 495 3635 sure:
508 3582 605 3635 habeat
615 3582 687 3633 illam
695 3621 703 3646 ,
711 3582 793 3637 modo
836 3585 981 3655 Apollinis,
992 3588 1162 3661 dupnrsdpnu.
1177 3609 1237 3661 quas
1248 3592 1341 3663 prasci-

288 3661 793 3732 videndoeilliusfnciateopiam.Affirmo
836 3682 887 3735 pua
899 3665 1109 3735 pulchritudinis
1122 3689 1182 3740 pars
1194 3683 1246 3733 est,
1260 3683 1341 3723 mate·

288 3743 420 3816 praedam,
426 3744 470 3813 jus
480 3741 587 3794 firmum
599 3742 685 3804 illius,
695 3755 721 3795 et
729 3761 792 3811 pos-
836 3744 875 3797 ria
887 3744 1029 3816 voluptatis
1043 3751 1130 3802 matri.
1143 3749 1235 3803 Solent
1248 3763 1341 3803 mamm

286 3824 425 3877 sessionem
440 3824 537 3893 justam
552 3820 603 3874 tibi
616 3820 749 3887 concedo,
765 3835 793 3875 et
835 3826 951 3877 tenerius
961 3828 1136 3893 smarefflios,
1147 3828 1342 3883 admiscentese

285 3903 425 3955 confirmo.
834 3903 927 3973 pietati
943 3904 1117 3963 admiratione
1135 3910 1249 3963 namrali
1267 3926 1342 3963 mus

331 3979 393 4033 305.
409 3980 485 4050 Quod
497 3984 521 4034 si
532 4000 588 4042 nos,
606 3998 650 4031 me
663 3992 690 4033 ct
703 3998 788 4033 meam
834 3983 949 4037 alterius.

280 4059 788 4131 filiamproevenit,occupavitquefoedere
872 4065 935 4117 310.
953 4065 1010 4127 Sic,
1037 4067 1187 4137 optantium
1213 4066 1341 4138 particula

281 4138 369 4210 aliquo
380 4154 440 4191 cum
449 4138 532 4190 Diana
542 4152 569 4191 et
579 4140 697 4193 Minerva
708 4140 787 4208 inito,
830 4143 915 4212 poetis
924 4144 1066 4198 familiaris.
1078 4146 1153 4215 Virg.
1164 4147 1255 4217 Eclog.
1263 4147 1296 4209 X,
1309 4152 1324 4207 4
1335 4164 1341 4197 :
