3034 4900
290 483 366 571 346
510 487 584 556 CL.
610 489 911 558 CLAUDIANI
940 492 1122 560 XLVIII.

289 620 333 687 Et
350 618 483 698 Venus,
506 617 669 687 humanas
687 643 761 713 quae
782 619 870 690 laxat
891 623 923 690 iu
944 623 1012 691 otia
1033 645 1146 708 cures,

288 725 405 793 Aurati
426 721 563 792 delubra
582 739 698 794 tenent
715 729 903 796 communia
924 727 1048 822 templi.

288 829 423 923 Effigies
442 855 511 899 non
531 853 599 899 una
621 833 718 920 Deis3
737 832 796 902 sed
811 833 918 902 ferrea
938 837 1056 904 Martis
1330 869 1355 908 as

288 938 408 1004 Forma
426 937 702 1024 nitet,Venerem
718 942 903 1033 magnetica
921 965 1051 1036 gemma
1070 940 1200 1035 figurat.

288 1039 357 1110 Illis
375 1044 580 1112 connubium
601 1042 745 1113 celebrat
765 1045 807 1114 de
827 1071 920 1115 more
938 1046 1100 1118 sacerdos.

288 1151 393 1218 Ducit
412 1150 546 1218 flamma
567 1150 708 1237 choros3
731 1149 813 1221 festa
832 1152 1020 1223 frondentia
1042 1168 1150 1248 myrto

288 1256 419 1325 Limina
440 1257 631 1350 cinguntur,
651 1258 818 1353 roseisque
838 1258 959 1330 cubilia
980 1275 1120 1356 surgunt

289 1358 460 1449 Floribus,
477 1376 512 1430 et
531 1361 713 1432 thalamum
733 1364 853 1434 dotalis
872 1390 1020 1461 purpura
1037 1367 1133 1435 velat.
1331 1397 1359 1436 s.

289 1468 353 1536 Hic
373 1469 494 1536 mirum
513 1473 683 1564 consurgit
704 1496 807 1566 opus:
830 1473 994 1566 Cytherea
1015 1475 1170 1542 maritum

291 1575 417 1667 Sponte
438 1577 542 1668 rapit,
558 1573 693 1670 caelique
715 1591 807 1646 toros
828 1579 954 1648 imitata
975 1563 1101 1674 priores

291 1682 429 1748 Pectora
449 1680 572 1750 lascivo
593 1683 675 1750 flatu
692 1685 858 1753 Mavortia
877 1686 996 1772 nectit,

290 1787 336 1855 Et
355 1800 484 1855 tantum
498 1788 679 1883 ⁸suspendit
695 1815 798 1878 onus,
821 1789 985 1885 galeaeque
1003 1790 1143 1860 lacertos

290 1892 463 1988 Implicat‚
480 1908 515 1962 et
532 1896 615 1965 vivis
634 1909 743 1964 totum
762 1895 986 1992 complexibus
1006 1897 1119 1966 ambit
1330 1929 1357 1969 ss

291 1997 351 2068 llle
371 1999 538 2070 lacessitus
557 1999 658 2097 longo
677 2005 862 2097 spiraminis
883 2017 960 2072 actu

291 2163 403 2236 quidam
415 2164 580 2219 Alexandrian
594 2134 723 2238 templum
735 2185 800 2219 eon·
845 2165 892 2220 tris
910 2163 1070 2234 Alexbndri,
1087 2165 1207 2237 itemque
1227 2166 1312 2218 Lunae
1331 2178 1359 2218 et

292 2245 448 2312 concrevit,
465 2245 537 2298 unde
555 2257 582 2298 et
598 2247 627 2299 in
644 2263 678 2299 eo
694 2245 801 2300 sbuula·
844 2244 987 2300 Alexandri
999 2247 1070 2298 illius
1081 2240 1270 2316 ψωδσμάντιως
1284 2263 1357 2297 amo-

291 2343 369 2378 crum
388 2325 459 2378 ferro
476 2326 505 2377 iu
522 2343 583 2379 aere
597 2324 714 2397 pendere
727 2322 802 2378 vide-
844 2343 887 2378 res
901 2338 1023 2398 agimtur,
1037 2324 1107 2397 apud
1120 2325 1229 2381 Lucian.
1244 2341 1268 2377 e.
1284 2325 1320 2392 39
1335 2343 1357 2378 s.

292 2415 376 2459 retur.
391 2430 402 2453 ι
425 2398 546 2459 Similem
566 2404 600 2459 de
618 2403 744 2477 Serapide
763 2405 802 2458 la·
845 2417 865 2460 t.
877 2408 921 2474 11,
931 2425 959 2479 p.
972 2405 1026 2470 245
1039 2422 1047 2459 t
1059 2403 1130 2458 unde
1142 2403 1209 2459 illud
1220 2404 1299 2457 etiam
1311 2404 1361 2456 ob·

291 2485 658 2550 bellamhabetttuffinunfl.
668 2486 699 2537 E.
707 2486 745 2551 ΙΙ,
756 2484 800 2537 33.
846 2504 995 2548 servamus,
1008 2486 1085 2539 illurn
1095 2483 1167 2538 diem
1178 2485 1237 2537 talis
1248 2484 1358 2537 cerimo-

294 2565 403 2636 Ubique
417 2564 468 2619 sibi
483 2566 580 2619 similes
594 2577 656 2618 sunt
668 2565 801 2618 homines.
846 2567 897 2618 nisa
915 2562 1015 2636 dudidc
1033 2564 1152 2628 dictum,
1167 2565 1209 2616 καὶ
1229 2559 1308 2634 δᾷδες
1326 2558 1357 2615 tt

294 2645 529 2718 Similiaimperitia
536 2644 804 2699 naturoeetmiracula
847 2648 956 2701 issicum
965 2686 973 2707 ,
983 2659 1014 2700 ut
1022 2646 1066 2698 hic
1076 2646 1153 2697 Ducit
1154 2646 1256 2715 flamma
1265 2645 1357 2697 choros.

294 2724 412 2796 fingendi
431 2725 517 2779 libido
541 2725 656 2778 ferreum
677 2724 803 2776 Multam·
888 2725 931 2778 31.
946 2726 974 2779 si
988 2726 1047 2779 talis
1062 2724 1149 2779 sabula
1164 2726 1206 2776 vel
1223 2736 1357 2795 spectacu-

295 2804 381 2857 medis
395 2806 586 2876 sarcophagum
599 2805 629 2856 in
643 2804 729 2857 libero
744 2822 804 2857 aere
845 2804 902 2857 lum
914 2818 1003 2858 actum
1016 2816 1068 2870 est,
1081 2816 1187 2875 oportet
1198 2821 1358 2875 quacunque

294 2882 440 2947 suspendit.
453 2884 533 2936 Poeta
548 2896 636 2937 tamen
650 2896 742 2937 noster
751 2882 803 2935 fin·
846 2885 1040 2938 machinatione
1053 2885 1138 2955 primo
1149 2902 1234 2955 prope
1246 2883 1296 2936 sibi
1308 2881 1355 2937 ad·

295 2964 348 3034 git,
363 2960 436 3034 quod
447 2975 549 3015 naturas
559 2982 615 3015 non
624 2975 761 3034 repugnat.
846 2978 917 3017 mota
924 2961 1358 3036 esseaignautriusqueDei,·donec

338 3048 384 3105 ad.
401 3044 493 3096 Aerati
507 3044 604 3113 tempb'5
620 3061 652 3095 ex
666 3042 734 3096 fastu
749 3044 804 3095 Ro·
845 3044 916 3096 illam
928 3063 1006 3117 mam
1018 3045 1218 3115 atmosphaeram
1229 3043 1358 3114 magnetis

296 3140 381 3177 manre
393 3123 595 3196 superstitionis
847 3129 889 3177 vel
900 3125 1030 3195 spheram
1042 3124 1182 3177 activitatis
1193 3122 1289 3175 dicunt
1301 3122 1357 3194 phi·

339 3204 383 3257 25.
403 3203 570 3257 Probabilior
588 3204 647 3256 lieri
666 3204 749 3275 possit
766 3203 805 3255 fa·
827 3204 966 3277 ‘losophi,
977 3204 1121 3275 attingeret
1132 3204 1212 3266 Mars,
1223 3220 1278 3274 quo
1288 3203 1357 3255 lacto

298 3284 377 3347 bula,
390 3283 492 3337 facilior
505 3283 681 3348 machinatio,
693 3284 715 3337 si
726 3282 805 3336 facias
847 3284 948 3355 reliqua
967 3296 1061 3355 sponte
1082 3294 1183 3337 nature
1205 3282 1356 3354 magnetica

297 3364 411 3416 Martem
430 3383 485 3416 non
502 3376 590 3416 totum
606 3382 622 3416 e
639 3363 727 3429 ferro,
745 3360 808 3429 sed,
847 3377 961 3436 potuere
979 3364 1077 3435 peragi.

298 3442 384 3515 qualis
403 3460 458 3495 esse
481 3443 562 3507 solet,
587 3442 681 3496 tunica
703 3456 805 3496 tectum
889 3442 934 3495 33.
947 3444 1045 3507 Flatrrs,
1058 3454 1089 3495 ut
1101 3443 1200 3513 afflatus
1212 3454 1356 3511 actumpo·

298 3522 476 3588 adamantina,
491 3535 616 3576 ceterum
632 3522 667 3576 de
682 3524 733 3575 lesi
749 3542 806 3576 ma·
848 3534 961 3587 tentem,
972 3520 1019 3575 sed
1030 3522 1163 3575 occultum
1173 3534 1200 3573 et
1210 3522 1356 3592 largientem

299 3604 379 3671 teria,
395 3616 425 3657 ut
439 3604 550 3668 subere,
562 3622 672 3667 carum,
684 3614 733 3656 etc.
848 3603 941 3656 oculos
947 3615 1022 3655 notat
1031 3602 1129 3675 :qualis
1137 3611 1177 3653 est
1185 3602 1272 3665 venti,
1282 3600 1357 3671 ignis,

341 3684 536 3755 27.Connubia
545 3684 684 3755 etnuptias
693 3682 806 3735 deorum
848 3680 978 3740 siderum,
991 3682 1114 3753 contagio
1123 3680 1224 3745 morbi,
1234 3679 1358 3733 ethicvis

297 3763 390 3819 ludere
412 3766 553 3837 antiquum
574 3777 602 3817 et
625 3764 750 3817 solemne.
765 3762 807 3813 Ita
849 3763 1002 3833 magnetica.

299 3845 395 3898 Bacchi
407 3858 434 3899 ct
443 3844 573 3898 Ariadnes
583 3844 684 3915 nuptias
693 3852 807 3913 aguntur
889 3848 933 3905 34.
944 3840 1045 3895 Galeam
1052 3852 1160 3913 oportet
1168 3839 1284 3911 cogitare
1292 3838 1358 3890 benc

298 3922 371 3995 apud
383 3918 591 3997 Xenophon'tem
604 3925 723 3994 Sympos.
737 3934 805 3974 extr.
848 3923 966 3991 longam,
976 3940 1034 3993 qum
1044 3924 1121 3975 etiam
1131 3920 1261 3973 cervicem
1272 3916 1357 3971 etcol·

299 4005 342 4057 Sic
361 4004 518 4069 Coronidis,
539 4024 554 4057 e
572 4024 623 4076 qua
642 4000 806 4072 AEseulapius
849 4002 905 4055 lum
917 4014 994 4073 tegat.

298 4095 377 4137 natus
386 4095 438 4149 est,
448 4083 517 4155 apud
527 4082 636 4136 Aristid.
647 4082 719 4135 Sacr.
730 4081 805 4133 Orat.
892 4082 937 4136 36.
944 4082 1084 4152 Spimmr'ru's
1092 4094 1169 4131 actum
1177 4076 1272 4130 eodem
1281 4091 1356 4127 sensu

299 4166 326 4229 1,
335 4182 362 4235 p.
375 4164 431 4230 289
442 4164 519 4216 lebb.
531 4164 573 4215 Sic
584 4159 708 4214 Podalirii
718 4174 745 4212 et
753 4178 807 4213 rna·
834 4168 835 4179 ¹
850 4164 942 4231 ponit,
954 4180 1007 4233 quo
1019 4158 1103 4215 modo
1115 4161 1226 4231 afflatum
1237 4154 1355 4215 dixem,
