3034 4900
237 479 311 552 a3o
460 484 535 552 CL.
564 483 866 553 CLAUDIANI
893 483 1058 550 XXXV.

232 616 418 708 Sanguineo
436 615 611 710 splendore
629 639 736 704 rosas,
750 615 899 684 vaccinia
916 615 1011 709 nigro

233 719 363 808 Induit,
381 735 415 790 et
432 720 520 791 dulci
536 720 640 792 violas
659 722 826 818 ferrugine
843 721 959 817 pingit.

232 826 389 898 Parthica
405 853 478 923 quas
495 831 594 900 tantis
612 830 782 898 variantur
799 827 930 924 cingula
948 829 1085 921 gemmis

235 931 376 1027 Regales
393 937 545 1006 vinctura
562 933 677 1004 sinus?
694 938 779 1025 Quae
796 933 918 1004 vellera
935 948 1065 1003 tantum
1271 970 1297 1020 ,s

234 1039 367 1110 Ditibus
384 1044 506 1135 Assyrii
524 1043 649 1137 spumis
667 1042 824 1113 fucantur
841 1039 962 1111 aheni?

235 1141 312 1213 Non
330 1145 411 1216 tales
429 1147 564 1218 volucer
582 1147 697 1244 pandit
711 1150 875 1218 Iunonius
890 1147 979 1235 alas,

234 1249 306 1320 Nec
324 1253 370 1321 sic
387 1254 578 1324 innumeros
596 1278 676 1324 arcu
694 1270 844 1326 mutante
860 1253 988 1324 colores

233 1358 398 1452 Incipiens
416 1360 587 1430 redimitur
605 1363 737 1446 Hiems,
756 1386 859 1457 quum
876 1362 1008 1430 tramite
1026 1361 1113 1431 flexo

234 1549 318 1601 quum
329 1531 358 1586 in
366 1534 650 1591 riciniacircumcircs
661 1538 743 1590 nubi·
828 1536 957 1608 95.Siasss
965 1517 1298 1602 vestinui,etstolrelluen·

233 1609 284 1664 bus
303 1613 392 1666 omnia
411 1615 593 1670 obscurentur.
617 1617 679 1670 Hac
701 1629 743 1670 ut·
787 1616 822 1670 tis
840 1617 986 1688 prasertim
1006 1617 1133 1688 intelligo.
1151 1617 1208 1669 Hos
1225 1617 1297 1669 enim

234 1710 350 1765 cumque
372 1693 520 1766 intelligere
545 1697 613 1750 mibi
631 1697 742 1750 videor:
787 1697 870 1751 efficit
877 1698 989 1750 cinctrm
998 1697 1068 1750 Hine
1076 1695 1173 1750 Cic.sd
1182 1697 1215 1762 Q.
1225 1697 1296 1750 Frat.

234 1770 377 1826 sedmulto
392 1785 480 1828 temen
495 1777 577 1847 magis
595 1775 695 1832 arridet
711 1776 744 1829 il·
787 1777 832 1842 11,
850 1777 883 1830 13
898 1796 941 1848 pr.
952 1777 1035 1840 Mitt,
1048 1777 1131 1841 crede,
1146 1779 1295 1838 insinuat,

233 1847 281 1904 lud
298 1854 454 1927 madidoqm5
468 1853 541 1927 quod
558 1869 665 1911 scunun
686 1875 742 1909 me·
787 1875 861 1928 reque
872 1875 918 1926 ego
930 1857 1068 1925 discingor,
1081 1875 1180 1928 nempe
1190 1868 1221 1909 ut
1231 1856 1299 1910 exci·
1316 1885 1322 1894 .

233 1929 287 1984 rito
296 1933 384 1986 visum
397 1947 435 1988 est
443 1934 562 1989 Heinsio.
571 1937 699 1990 Madrdum
707 1955 742 1987 ss·
787 1933 851 1988 ders
861 1935 945 2007 possit
955 1936 1039 1990 facile.
1050 1936 1192 2009 Disputari
1203 1937 1254 1989 hac
1263 1933 1298 1988 de

235 2029 316 2065 naras
322 2053 331 2078 ,
342 2031 427 2085 quum
436 2013 504 2069 sudo
511 2016 573 2070 licet
582 2016 744 2072 salutamen
788 2033 818 2067 re
830 2013 865 2069 ad
878 2016 993 2081 Quintil.
1004 2017 1062 2080 XI,
1077 2017 1109 2082 ³,
1126 2021 1192 2078 rio.

234 2109 291 2145 non
301 2093 595 2161 marceutviridia,sed
609 2095 745 2150 amadore
828 2101 876 2165 96.
891 2095 1019 2170 Assyriam
1039 2113 1090 2168 pro
1108 2089 1189 2168 Syrio
1209 2093 1298 2148 dicere

234 2171 325 2244 vigent
341 2175 473 2248 olentque.
496 2175 541 2230 Sic
557 2177 641 2230 imbres
653 2195 746 2230 serenos
788 2176 874 2229 solent
886 2189 992 2247 poetam
1007 2176 1091 2248 Syrias
1113 2189 1201 2230 sutem
1220 2173 1297 2246 adja-

234 2271 251 2306 a
277 2253 340 2307 Nilo
364 2256 462 2310 tribuit
485 2260 601 2329 AEgypto
626 2259 744 2320 Noster,
788 2255 877 2311 dicare
900 2257 1053 2310 Phoenicem
1074 2273 1103 2310 ac
1120 2258 1235 2328 Tyrum.
1251 2255 1300 2308 Est

235 2333 357 2402 XLVII,
373 2336 399 2390 5.
717 2365 721 2370 ·
787 2338 972 2408 itaquesermo
981 2338 1026 2390 hic
1034 2335 1070 2389 de
1077 2354 1198 2408 purpura
1206 2335 1298 2408 Tyria.

276 2433 324 2483 9²·
337 2415 499 2487 Sanguineum
509 2417 655 2487 splendorem
668 2417 745 2470 intel·
789 2417 910 2470 Verbum
917 2418 1005 2484 fucare
1023 2435 1056 2470 eo
1072 2417 1155 2487 msgis
1168 2416 1221 2469 huc
1234 2433 1299 2469 oon·

235 2490 366 2564 ligamus,
386 2514 441 2549 non
461 2498 538 2550 effusi
551 2496 685 2568 ssngtrinis
697 2515 745 2549 sen
788 2498 863 2549 venit
871 2536 879 2561 ,
887 2496 1025 2568 quodfuso
1037 2497 1181 2566 parabatur
1191 2495 1251 2547 lana
1264 2494 1299 2547 ad

235 2574 339 2628 cruoris
351 2576 485 2641 colorem,
502 2574 549 2631 sed
568 2577 621 2630 iusi
637 2594 686 2647 per
701 2594 745 2646 ge·
788 2573 972 2648 accipiendum
1009 2575 1155 2645 pretiosum
1180 2572 1298 2625 colorem

235 2670 283 2707 uas
295 2656 436 2726 puellares.
788 2672 928 2727 purpurae.
946 2654 1009 2706 Dixi
1025 2654 1074 2707 hnc
1089 2653 1123 2707 de
1142 2671 1172 2706 re
1190 2649 1224 2703 ad
1239 2652 1297 2717 111,

277 2733 323 2801 93.
348 2734 433 2787 Violas
456 2736 546 2807 itaque
565 2754 620 2789 non
639 2735 743 2797 minus,
791 2753 854 2803 ²⁰7·
884 2734 970 2785 Usum
1001 2733 1077 2785 verbi
1104 2732 1150 2785 hic
1182 2731 1298 2784 illustrat

235 2828 316 2882 qutun
324 2812 579 2886 Virgiliilsyasirttlms
588 2816 686 2885 Georg.
695 2816 748 2880 IV,
792 2813 926 2867 Heinsius.

239 2890 293 2945 sss
304 2930 312 2957 ,
321 2894 475 2963 ferrugineas
488 2894 551 2947 licet
565 2893 655 2947 dicere
668 2882 750 2947 :non
829 2910 876 2964 97.
895 2893 1000 2944 Voluce·
1020 2892 1139 2943 lusorias
1153 2903 1193 2944 est
1207 2908 1299 2962 pavo,

235 2970 377 3044 ferruginis
397 2973 473 3026 illum
490 2992 522 3025 ex
540 2974 618 3045 nigro
633 2973 745 3027 robenm
789 2976 866 3043 cnjus
884 2970 968 3027 canda
982 2972 1098 3036 oculata,
1112 2972 1223 3043 gemmis
1239 2972 1299 3025 stel-

235 3052 352 3107 colorem
363 3052 491 3107 babentes
501 3091 509 3117 ,
519 3052 566 3106 sed
578 3054 640 3105 lerri
653 3054 745 3124 politi,
788 3052 905 3108 lantibus
923 3070 1073 3106 coruscans.
1088 3050 1201 3105 Ovidius
1216 3049 1300 3117 dixit,

236 3144 290 3187 eta
305 3134 378 3187 lento
393 3134 480 3188 calore
500 3133 641 3204 temperati
661 3152 744 3187 cresu-
792 3133 931 3187 «volucris
955 3132 1082 3186 lunonis.
1095 3156 1108 3179 ι
1134 3162 1174 3174 -
1199 3131 1299 3184 Omnes

233 3214 316 3267 lenm.
331 3214 403 3267 Non.
421 3214 504 3278 XVI,
516 3232 547 3284 7,
562 3214 625 3265 Vere
634 3214 745 3285 ferrugi·
789 3224 853 3265 ante
862 3213 964 3266 Claver.
974 3213 1298 3282 voluerislunosiapennas.

235 3312 292 3346 neus
302 3296 368 3346 color
377 3295 491 3347 eoernlsus
501 3305 544 3346 est.
556 3293 598 3347 Sic
607 3293 676 3346 inlrs
688 3292 742 3365 ²75
830 3311 876 3362 99.
889 3293 997 3345 Hiemem
1004 3332 1012 3355 ,
1023 3292 1074 3345 hoc
1086 3304 1142 3356 est,
1156 3302 1299 3362 tempesta·

229 3374 384 3443 finsgmesu
394 3373 514 3426 Plutonis
527 3376 627 3426 amictus
636 3384 683 3426 est.
789 3385 843 3425 tem
865 3372 1029 3445 pluviosam,
1051 3390 1191 3444 personam
1217 3370 1298 3436 iacit,

276 3458 323 3521 94.
337 3452 443 3522 Cingula
466 3454 545 3505 baccis
563 3472 648 3523 aspere
665 3454 745 3505 etiam
789 3464 943 3506 coronatam
963 3470 1027 3505 arcu
1048 3452 1144 3504 celesti
1159 3468 1196 3504 sc.
1212 3448 1298 3514 iride,

235 3532 280 3586 bic
299 3532 434 3597 vidimus,
452 3532 550 3595 XXII,
574 3534 618 3589 88.
636 3532 690 3585 Sed
711 3530 745 3585 de
789 3550 848 3604 qna
871 3530 944 3605 apud
964 3551 1016 3585 uos
1037 3530 1203 3604 frequentius
1223 3530 1299 3602 sequi

234 3612 395 3667 Parthorum
406 3628 453 3664 seu
460 3613 599 3665 Persarum
609 3613 746 3685 gemmatis
788 3614 872 3677 solet,
885 3613 937 3666 nisi
946 3612 1034 3677 fallor,
1044 3630 1123 3683 qnam
1135 3609 1300 3663 denunciare

234 3694 345 3766 cingulis
358 3692 468 3763 insignis
485 3693 560 3746 locus
574 3706 613 3745 est
630 3692 742 3747 Tertull.
787 3691 1106 3764 pluviam.Sedsicetiam
1113 3690 1298 3763 Virg.Georg.

234 3770 267 3826 de
294 3774 387 3827 habitu
411 3772 557 3835 muliebri,
576 3792 598 3826 c.
620 3771 690 3838 VII,
710 3770 744 3824 ad
788 3772 905 3836 Lilio,
922 3771 956 3824 ad
971 3790 1051 3842 quem
1068 3772 1157 3824 locnrn
1177 3769 1299 3823 alludens

234 3870 313 3924 quem
326 3855 410 3907 mults
421 3852 526 3924 collegit
535 3854 649 3906 Incerda.
657 3854 743 3906 Etiam
789 3853 899 3909 Seneca,
913 3853 947 3917 Q.
961 3852 995 3904 N.
1010 3852 1081 3916 1,6‚
1093 3852 1131 3903 Et
1143 3851 1299 3921 bretingen

233 3934 261 3985 in
269 3950 401 4003 equorum
410 3934 484 3987 sonis
491 3934 655 4005 sencingulis
662 3950 743 4005 quan·
790 3933 887 3996 Areus,
901 3944 930 3984 st
943 3934 981 3983 sit
996 3930 1116 4000 Virgilius
1124 3942 1213 3993 rosta,
1226 3948 1299 4001 qaum

234 4012 347 4067 tefuerit
358 4013 485 4077 luxuries,
495 4026 605 4085 apparet
611 4032 642 4067 er
652 4014 743 4068 Nostri
787 4012 901 4064 durrat
915 4012 997 4064 inber.
1008 4012 1079 4063 Vere
1093 4010 1162 4064 Plio.
1179 4012 1224 4073 11,
1241 4010 1299 4076 59,

233 4092 509 4164 epigrammatis,quss
517 4095 743 4165 habentnrn.70,
788 4093 931 4163 Neplusios
953 4091 1046 4165 quiden
1067 4103 1112 4143 ast
1132 4108 1224 4141 serenos
1246 4089 1298 4138 dies

234 4192 283 4240 71,
298 4170 343 4241 73.
788 4192 840 4225 sisa
850 4170 903 4242 fide
916 4171 1079 4243 portenderit!
