3034 4900
589 455 845 542 EPISsl'OLA
871 457 919 524 11.
1207 460 1277 532 311

222 563 365 659 Suffecil
382 584 555 654 mandasse
575 586 684 654 Deam
696 611 704 654 ε
718 601 777 655 tua
795 585 889 656 litera
908 585 1004 658 nobis

274 696 320 762 Et
335 717 455 788 pecus,
470 705 505 760 et
524 705 669 788 segetes,
688 707 722 762 et
741 692 859 763 domus
880 692 1007 790 ampla,
1023 695 1094 766 fuit.

219 799 354 868 lnflexit
374 823 523 884 soceros,
543 814 578 868 et
599 799 768 892 majestate
789 800 922 894 petendi

274 907 370 975 Texit
388 906 581 1002 pauperiem
599 906 742 976 nominis
763 906 881 976 umbra
898 908 958 978 tui.

221 1009 312 1100 Quid
334 1037 402 1080 non
422 1010 598 1106 perficeret
620 1012 793 1082 scribentis
814 1038 899 1084 voce
917 1015 1048 1088 serena

275 1117 338 1186 Vel
357 1119 471 1212 genius
492 1119 600 1213 regni,
619 1117 672 1188 vel
691 1120 821 1214 pietatis
839 1119 952 1190 amor?

219 1225 330 1318 Atque
350 1225 475 1294 utinam
496 1224 557 1293 sub
579 1224 652 1294 luce
673 1227 721 1294 tui
738 1227 946 1321 contingeret
966 1227 1051 1314 oris,

274 1329 433 1425 Conjugis
453 1344 487 1400 et
507 1333 641 1415 castris,
657 1346 692 1402 et
712 1331 796 1402 solio
817 1335 947 1427 generi,
1258 1371 1282 1410 ss

221 1438 383 1532 Optatam
404 1435 571 1506 celebrare
588 1434 693 1506 dieml
715 1464 769 1507 me
785 1440 939 1534 jungeret
955 1463 1080 1533 atsspex

274 1545 450 1638 Purpura3
468 1568 522 1612 me
543 1558 658 1613 sancto
677 1545 825 1638 cingeret
845 1543 920 1613 aula
940 1542 1062 1614 choro!

220 1651 279 1734 Et,
297 1649 378 1718 mihi
396 1673 496 1744 quarn
513 1651 642 1746 scriptis
661 1650 882 1745 desponderat
900 1665 991 1740 ante,
1010 1650 1153 1746 puellam

273 1757 445 1851 Conjugiis
463 1756 577 1826 eadem
599 1757 752 1856 pronuba
769 1757 884 1832 dextra
901 1754 1011 1828 daret!

258 1967 304 2031 63.
319 1965 524 2020 Commendavit
538 1967 620 2038 igitur
631 1967 729 2020 Serena
772 1968 828 2024 sais
839 1967 868 2020 in
882 1967 984 2040 nuptiis
998 1985 1103 2039 sperare
1116 1968 1208 2034 audet,
1221 1990 1281 2042 quar

218 2047 301 2100 literis
307 2046 585 2119 Claudiannmpuella
591 2060 617 2100 et
623 2046 729 2101 soceris.
772 2051 893 2117 auspicum
905 2065 1018 2100 munere
1032 2048 1202 2120 fungeretur,
1213 2051 1241 2102 h.
1253 2071 1278 2104 e.

261 2125 307 2190 45.
323 2126 438 2192 Soceros,
451 2145 573 2180 socerum
584 2139 611 2179 et
622 2145 728 2181 socrum
772 2145 871 2180 sacram
887 2139 912 2180 et
927 2127 1075 2202 religiosam
1091 2139 1117 2182 et
1130 2129 1195 2182 boni
1211 2132 1278 2184 otni-

219 2205 301 2258 simul
326 2207 461 2278 intellige,
482 2220 514 2261 nt
539 2206 610 2279 apud
632 2206 727 2278 Virgil.
772 2206 813 2260 nis
832 2206 1013 2278 auctoritatem
1029 2207 1081 2260 illis
1096 2209 1279 2263 accommoda·

219 2283 405 2339 Andromache
415 2289 572 2358 Astyanma
590 2287 729 2341 «semein-
770 2299 828 2351 ret,
852 2287 1048 2358 suspicatusque
1067 2284 1133 2340 adeo
1154 2287 1280 2343 redderet

150 2407 160 2422 ,
220 2365 346 2418 comitata
354 2365 504 2420 solebatAd
515 2385 652 2432 soceros,·
666 2371 726 2420 AEn.
771 2366 885 2437 nuptias.
895 2366 959 2420 Vid.
970 2366 1026 2420 Cic.
1038 2365 1072 2419 de
1080 2368 1179 2432 nint,
1193 2387 1217 2421 c.
1232 2373 1275 2423 16:

219 2443 268 2511 11,
285 2444 341 2520 4ξό
358 2466 396 2519 sq.
771 2468 783 2492 ι
798 2445 873 2500 Nihil
886 2449 940 2501 lere
954 2445 1089 2520 quondam
1102 2449 1208 2518 majoris
1220 2450 1277 2516 rei,

261 2526 308 2590 48.
332 2528 405 2580 Duas
425 2525 586 2599 impetrandi
612 2528 728 2581 rationes
770 2526 822 2579 nisi
833 2528 1024 2598 auspicato,ne
1034 2528 1158 2600 privatim
1168 2527 1278 2600 quidem

218 2605 315 2659 tribuit
321 2606 404 2660 literis
415 2608 535 2661 Serena:
547 2624 641 2669 unam,
653 2606 726 2679 qnod
769 2605 1000 2681 gerebaturzquod
1008 2607 1087 2660 etiam
1095 2626 1167 2661 nnnc
1175 2609 1279 2679 nuptia·
1394 2618 1407 2661 i*

217 2686 290 2757 ipsa,
312 2688 416 2740 animus
436 2688 536 2759 ipsius,
560 2691 628 2757 regni
642 2691 727 2757 genias
768 2704 831 2740 rnna
857 2688 974 2758 auspices
999 2686 1153 2748 declarant,
1178 2688 1225 2759 qui
1246 2708 1276 2742 re

217 2764 726 2839 videripotest,utqnidquidvultipsa,
771 2766 866 2819 omissa
892 2784 991 2819 nomen
1018 2779 1120 2819 tantum
1144 2780 1272 2821 tenent..

219 2845 285 2899 illud
297 2848 355 2899 Rex
368 2865 391 2899 s.
404 2848 553 2917 Imperator
563 2846 630 2900 selle
640 2846 727 2899 videa·
771 2847 856 2898 Dotem
868 2847 1014 2918 prasertim
1029 2849 1091 2898 inter
1102 2850 1207 2918 auspices
1219 2868 1276 2901 coa·

219 2938 262 2979 tur
275 2944 282 2978 :
296 2927 420 2989 alteram,
432 2925 505 2998 quod
513 2928 571 2997 ipsa
580 2928 663 2978 Pietas
673 2926 726 2980 Aa·
767 2928 903 2995 signatam,
921 2924 1019 2979 docent
1031 2927 1081 2980 illa
1093 2927 1275 2998 inauspicatis·

216 3018 289 3075 gusta
307 3018 389 3077 potest
407 3006 509 3067 videri3
528 3006 573 3059 cai
592 2998 651 3077 quis
670 3025 725 3058 non
768 3004 841 3059 sinite
858 3018 886 3059 et
902 3006 1016 3060 obscoeni
1036 3006 1133 3059 ominis
1148 3006 1218 3059 inter
1233 3007 1276 3060 Si·

220 3084 318 3137 tribuat
331 3083 464 3157 quidquid
478 3098 518 3138 est
533 3086 561 3138 in
578 3086 725 3156 potestate?
768 3084 833 3137 lium
854 3097 880 3137 et
900 3086 1067 3139 Messalinam
1084 3086 1185 3157 nuptiae
1204 3086 1279 3157 apud.

218 3165 281 3217 Esse
292 3166 321 3217 in
335 3164 421 3217 titulis
437 3165 631 3237 Imperatorum
646 3165 726 3235 hujus
768 3164 878 3217 Sueton.
901 3162 994 3218 Claud.
1014 3166 1109 3217 XXVI
1124 3178 1151 3217 et
1162 3166 1274 3219 XXIX:

219 3244 421 3309 nimietatem,
434 3256 466 3296 nt
479 3242 583 3298 dicatur
596 3243 725 3315 quemad·
767 3241 840 3296 unde
848 3244 934 3297 obiter
944 3256 1053 3316 apparet
1063 3262 1142 3315 qaam
1151 3245 1275 3316 antiquus

218 3324 329 3377 modam
354 3324 546 3392 Tranquillitas,
571 3324 723 3388 Clementia,
768 3324 802 3376 sit
824 3323 869 3375 ille
892 3322 959 3376 ritus
978 3322 1112 3396 hodieque
1133 3324 1223 3395 vigens
1245 3326 1274 3377 in

216 3404 395 3466 Mansaoetado,
415 3404 454 3457 sic
470 3405 550 3457 edam
559 3405 643 3456 Pietas
663 3415 722 3466 taa,
768 3402 873 3465 Gallia,
887 3420 970 3473 quum
983 3422 1055 3475 reges
1067 3402 1227 3457 adhibentur
1240 3406 1275 3458 si·
1312 3440 1318 3454 .

217 3496 311 3537 notum
328 3497 375 3537 est.
389 3482 454 3536 vid.
472 3482 573 3556 Spanb.
587 3482 622 3537 de
637 3484 680 3536 Pr.
698 3496 725 3537 et
767 3480 878 3553 guandis
891 3482 1043 3553 nuptiarum
1055 3494 1081 3535 et
1091 3482 1224 3537 dotalibus
1236 3498 1275 3538 ta·

219 3582 266 3617 utu
280 3582 357 3617 nam.
379 3563 445 3629 XV,
461 3566 494 3629 6,
510 3581 531 3616 1.
551 3564 635 3615 Pietas
649 3563 726 3634 prin·
767 3561 846 3615 bulis.

219 3642 309 3716 cipum
324 3657 363 3697 est
378 3661 453 3696 aanor
471 3643 579 3695 illorum
593 3644 622 3696 in
640 3644 725 3709 cives,
795 3641 984 3721 ,taPmnabae
992 3660 1088 3694 nomen
1098 3660 1130 3695 eo
1140 3642 1221 3711 magis
1231 3643 1276 3697 hic

217 3724 265 3795 qui
279 3723 354 3777 hunc
368 3740 485 3776 amorem
498 3722 613 3776 vicissim
629 3736 725 3776 amant.
768 3719 857 3785 decet,
876 3739 908 3774 eo
922 3721 1010 3774 minus
1024 3720 1215 3793 defugiendum
1230 3722 1275 3776 Se·

259 3802 304 3857 50.
316 3802 413 3874 Consua
425 3802 531 3855 Ser-ente
538 3801 650 3855 Stilicho
659 3821 726 3873 pra·
767 3819 854 3863 rena,
868 3798 941 3870 quod
956 3800 1026 3853 inter
1045 3800 1173 3865 solemnes
1190 3802 1275 3856 luno·

218 3882 299 3937 lectus
308 3882 431 3937 Praetorii
443 3895 514 3946 erat,
525 3882 552 3935 b.
563 3900 587 3937 e.
597 3894 726 3934 castrorum
769 3880 809 3933 nis
832 3878 1019 3951 appellationes
1034 3892 1086 3943 est,
1102 3878 1132 3931 ¹ut
1146 3884 1206 3935 AEn.
1221 3884 1274 3943 IV,

217 3961 330 4016 militum
338 3963 584 4017 Prntorianorum:
600 3982 674 4033 gener
683 3961 726 4015 Se-
773 3964 844 4023 166;
860 3962 898 4010 cui
909 3959 991 4009 vincla
1000 3958 1098 4028 jugalia
1119 3980 1196 4025 cura,
1211 3962 1276 4017 ibid.

215 4061 286 4096 rente
295 4043 438 4098 Honorius.
770 4059 795 4093 v.
818 4038 860 4108 59.
882 4039 977 4089 Dextra
993 4038 1074 4109 ipsius
1092 4038 1205 4093 Junonis
1218 4042 1274 4113 epi·

256 4120 596 4179 Smpmentiamlamilia
603 4124 726 4190 Augustae
769 4120 861 4173 theton
877 4116 1006 4183 faventis,
1021 4132 1048 4171 et
1064 4118 1221 4190 adspirantis
1238 4122 1276 4173 ie·
