3034 4900
479 428 952 540 croluroruscars.
1173 473 1248 567 289

179 601 331 671 Invisum
353 598 505 694 genitura
525 599 637 688 nefas3
657 597 898 696 Phlegramque
920 604 1037 670 retexit

178 709 289 777 Tanta
309 704 403 802 prole
423 719 572 791 tumens,
590 720 625 775 et
644 707 678 774 in
699 707 822 776 aethera
843 706 981 801 protulit
1000 708 1119 778 hostes.
1235 745 1247 784 s

179 815 233 883 Fit
252 838 352 882 sonus
372 838 380 880 τ
398 826 579 906 erumpunt
595 813 725 900 Erebo,
743 813 951 908 necdumque
970 816 1071 884 creati

179 923 255 989 Jarn
277 919 410 988 dextras
430 920 464 987 in
485 915 572 987 bella
591 933 726 1013 parant,
747 944 949 1014 superosque
968 917 1152 1011 lacessunt,
1239 906 1243 913 ¹

181 1023 329 1096 Stridula
348 1023 520 1095 volventes
540 1027 671 1120 gemino
688 1027 826 1122 vestigia
846 1025 949 1120 lapsu.

180 1130 372 1202 Pallescunt
391 1131 501 1201 subito
522 1130 643 1219 stellae,
660 1132 828 1227 flectitque
848 1134 1004 1204 rubentes

179 1237 327 1309 Phoebus
347 1262 467 1332 equos,
483 1237 662 1332 docuitque
683 1239 784 1309 timor
804 1263 962 1309 revocare
980 1255 1142 1318 meatus„
1225 1283 1248 1310 to

181 1346 356 1414 Oceanum
374 1345 458 1438 petit
474 1348 613 1433 Arctos,
634 1343 865 1439 inocciduique
882 1347 1021 1416 Triones

180 1453 348 1520 Occasum
366 1449 510 1520 didicere
530 1452 623 1546 pati:
644 1465 716 1520 tum
738 1449 864 1520 fervida
883 1466 978 1521 natos

180 1555 317 1627 Talibus
334 1556 489 1626 hortatur
507 1559 649 1652 genitrix
666 1558 701 1625 in
721 1555 834 1651 praelia
851 1557 968 1628 dictis:

239 1691 258 1728 t
270 1665 303 1732 Ο
324 1663 430 1758 pubes
449 1662 616 1732 domitura
633 1665 747 1751 Deos,
765 1664 997 1759 quodcumque
1018 1663 1152 1753 videtis,

180 1768 366 1866 Pugnando
386 1767 544 1839 dabitur:
563 1782 698 1864 praestat
718 1771 857 1840 victoria
879 1770 1050 1842 mundum.
1226 1803 1249 1842 ,ε

181 1877 309 1946 Sentiet
326 1873 381 1945 ille
397 1899 489 1946 meas
507 1875 641 1946 tandem
661 1876 834 1946 Saturnius
851 1878 916 1947 iras
934 1904 944 1965 ;

181 1984 365 2077 Agnoscet,
382 1981 474 2076 quod
490 1983 593 2050 Terra
612 1996 745 2076 potest:
766 1984 813 2052 sic
835 1983 961 2052 viribus
981 1979 1054 2054 ullis

180 2083 324 2158 Vincorl
347 2113 409 2158 cur
430 2086 554 2183 Cybele
575 2087 671 2158 nobis
691 2087 828 2158 meliora
848 2087 994 2159 creavit?

183 2195 256 2264 Cur
274 2190 384 2264 nullus
401 2192 542 2264 Telluris
563 2192 692 2264 honos?
712 2219 774 2264 cur
795 2219 925 2290 semper
944 2196 1071 2264 acerbis
1133 2281 1138 2290 .

226 2391 252 2450 4.
272 2382 391 2439 Gentem
409 2389 493 2457 susm
506 2385 627 2458 genitura
643 2385 691 2440 Gi·
737 2386 792 2440 nali
813 2397 959 2459 temperata
980 2385 1102 2441 habitunt
1127 2407 1134 2438 :
1159 2407 1247 2462 neque

180 2478 292 2539 gantas,
301 2466 349 2539 qui
358 2465 431 2521 nefas
438 2467 569 2531 invisum,
579 2485 626 2520 seu
635 2485 690 2521 sce·
739 2469 840 2519 Triones
851 2467 894 2520 alii
904 2481 1022 2539 septem,
1034 2467 1131 2540 quibus
1145 2482 1248 2523 constat
1265 2476 1269 2481 '

181 2546 224 2600 lus
239 2544 407 2601 horrendum
430 2545 459 2601 iu
479 2542 543 2601 deos
562 2547 691 2617 patraturi
736 2547 806 2601 Ursa
817 2543 978 2618 majonvid.
991 2544 1026 2600 ad
1033 2548 1130 2615 XXII,
1142 2550 1208 2615 458,
1220 2564 1248 2602 et

181 2638 269 2692 erant3
283 2627 375 2699 sieque
389 2628 503 2699 ponitur
516 2624 627 2680 effectus
641 2646 691 2698 pro
735 2645 858 2699 compara
866 2624 982 2692 XXXV,
993 2630 1142 2699 189,quem
1152 2630 1241 2683 locum

181 2722 273 2772 causa,
287 2707 494 2777 metonymicas.
507 2737 548 2749 -
561 2704 692 2777 Phlegram
735 2721 781 2759 aut
800 2705 916 2760 imitatus
934 2725 989 2760 esse
1005 2707 1051 2759 hic
1070 2720 1180 2773 auctor,
1200 2722 1247 2763 aut

180 2784 314 2851 mitid
322 2797 370 2849 est,
379 2774 692 2858 quassatist‘undamentis
735 2786 756 2839 si
767 2784 838 2839 idem
850 2798 889 2839 est
899 2787 1051 2859 utriusque,
1063 2787 1091 2839 in
1100 2800 1189 2841 mente
1199 2789 1246 2841 ha·

180 2866 322 2937 Phlegram
335 2880 455 2919 montem
469 2865 540 2919 eruit
549 2866 578 2918 in
591 2864 692 2936 produ·
734 2863 822 2919 buisss
834 2861 948 2920 videtur.

180 2943 273 3001 cendia
280 2944 443 3017 gigantibus,
451 2946 495 2999 vel
503 2946 608 3017 aperuit
616 2945 692 3017 quasi
779 2950 823 2999 ιθ.
833 2946 912 2999 Hunc
920 2964 998 2999 usum
1008 2946 1175 3017 pronominis
1186 2948 1243 3011 ella,

181 3044 307 3096 campum
320 3024 354 3079 ad
368 3043 493 3097 pugnam.
735 3024 923 3079 cuiinterdurn
932 3025 1162 3096 qssesubstitutum
1171 3027 1245 3081 ibant

224 3104 250 3159 5.
263 3105 357 3159 Tellus
367 3106 447 3158 etiam
460 3102 532 3177 apud
545 3101 692 3158 Hesiodum
735 3103 834 3170 critici,
849 3103 983 3159 illustrant
997 3105 1089 3158 Heius.
1102 3103 1135 3157 ad
1150 3106 1245 3176 virgil.

181 3184 285 3256 Tbeog.
299 3190 363 3255 147,
374 3184 404 3239 it.
413 3184 626 3255 617‚suosfilios
636 3184 691 3256 pri·
735 3186 796 3236 AEn.
805 3180 873 3251 vn,
886 3183 1131 3250 sro,etBrouckh.
1140 3182 1174 3237 ad
1182 3187 1245 3239 Tib.

144 3327 148 3333 Ι
181 3264 518 3326 manumissorum,
531 3263 617 3317 ubist
628 3265 692 3317 Ere·
735 3264 764 3329 1,
777 3282 821 3329 ιν,
839 3284 883 3335 19·

182 3343 237 3407 las,
253 3345 387 3412 eontinet;
400 3339 499 3397 deinde
511 3342 558 3397 nbi
571 3344 693 3397 irascitur
779 3362 822 3414 ¹7·
833 3344 908 3413 Quod
918 3342 994 3396 Terra
1004 3356 1097 3414 potest,
1114 3354 1187 3397 tanto
1202 3345 1246 3397 lu-

182 3421 237 3477 diis
244 3425 360 3496 superis,
369 3423 412 3478 vel
422 3422 480 3477 aliis
488 3422 637 3488 Titanibus,
648 3442 693 3477 eos
735 3422 843 3476 bentius
849 3424 971 3477 revocavi
978 3460 986 3489 ‚
994 3422 1068 3495 quod
1077 3424 1180 3494 vulgata
1189 3426 1250 3497 quid

182 3504 291 3558 emittit.
734 3514 815 3574 potest
825 3504 1002 3556 soloecismum
1015 3504 1092 3575 sapit.

226 3586 253 3637 8.
273 3582 385 3637 Stridula
400 3586 504 3653 uestigia
521 3594 614 3647 vocat,
633 3600 694 3635 curn
781 3584 826 3637 18.
849 3581 946 3655 Cybele,
966 3602 1025 3654 quae
1044 3582 1136 3635 eadem
1159 3582 1248 3645 Rhea,

182 3675 307 3734 respectu
331 3662 366 3715 ad
389 3662 497 3717 sibilum
507 3662 694 3734 serpentium,
738 3675 824 3715 mater
833 3662 909 3715 lovis
921 3675 947 3716 et
957 3663 1068 3715 fratrum
1079 3680 1087 3715 z
1099 3659 1205 3726 eadem,
1216 3681 1248 3715 ex

183 3762 253 3815 quos
272 3742 416 3796 horribiles
435 3741 490 3795 duo
513 3760 563 3812 pro
583 3738 697 3813 pedibus
739 3742 797 3794 aliis
811 3742 921 3805 fabulis,
934 3742 1036 3794 Tellus.

183 3820 286 3877 habent
295 3822 427 3894 gigantes,
441 3840 559 3893 quosque
570 3820 697 3892 probabi·
785 3820 907 3891 19.Illud
915 3840 1004 3891 semper
1013 3819 1091 3873 etiam
1098 3820 1250 3889 ponitbella

184 3902 247 3955 liter
260 3900 312 3955 illis
324 3904 464 3965 tribuunt,
477 3902 539 3972 quia
549 3914 612 3954 sunt
621 3914 698 3954 terrm
741 3899 862 3973 quasdam
869 3900 1006 3971 superiora
1013 3917 1073 3953 curn
1082 3898 1250 3967 filiisTsrrae,

185 3980 254 4043 filii,
268 3982 317 4035 sub
328 3982 407 4037 terris
419 3981 551 4034 habitant.
744 3998 792 4034 seu
802 3978 959 4040 Titanibus,
972 3979 1001 4031 in
1012 3998 1067 4049 quo
1080 3997 1192 4035 numero
1205 3999 1254 4033 no-

226 4061 701 4129 11.Arctos,Ursaminor,nnnquam
743 4060 828 4112 minat
849 4059 893 4111 hic
913 4058 1087 4123 Promethea,
1102 4059 1252 4121 Atlantem,

187 4137 352 4208 occidistis,
363 4140 410 4214 qui
425 4138 453 4194 in
465 4158 532 4193 zoua
542 4138 702 4209 septentrio·
744 4138 1018 4211 TityonNempeille
1027 4138 1255 4204 Caucasoaffixus,

242 4253 291 4321 Il.
977 4358 980 4367 A
1056 4270 1099 4340 ¹9
