3034 4900
233 447 349 520 ⁸²7⁰
491 425 564 493 CL.
594 424 902 493 CLAUDIANI
930 425 1114 494 XXXVI.

270 563 346 628 Itur
365 557 400 625 in
421 570 545 637 aeterno
567 557 702 625 vestitos
724 559 873 652 gramine
896 581 1046 652 campos,

270 669 316 735 Et
336 665 443 758 prima
464 663 527 731 suh
548 662 622 733 luce
643 661 777 758 legunt,
801 687 902 758 quum
926 689 1001 733 rore
1023 687 1157 734 serenus

271 769 371 840 Albet
390 794 487 863 ager,
509 793 705 864 sparsosque
726 769 847 838 hibunt
866 769 1003 840 violaria
1026 796 1151 841 succos.

274 876 339 947 Sed
361 891 537 971 postquam
559 877 669 946 medio
692 875 740 945 sol
763 877 881 948 institit
902 873 998 946 citior
1019 879 1091 964 axi,

271 986 359 1054 Ecce
377 981 491 1078 polum
513 1007 581 1051 nox
602 981 690 1052 foede
711 983 814 1077 rapit,
837 983 1094 1077 tremefactaque
1117 997 1212 1052 nutat
1300 1015 1336 1055 ,ιε

272 1088 386 1160 Insula
407 1088 623 1184 cornipedum
645 1090 802 1184 strepitu,
824 1087 987 1184 pulsuque
1008 1105 1166 1159 rotarum.

274 1196 381 1266 Nosse
402 1220 463 1264 nec
484 1195 632 1288 aurigam
656 1193 773 1264 licuit:
797 1219 855 1264 sen
877 1197 1026 1265 mortifer
1047 1211 1161 1284 aestus,

273 1306 338 1372 Seu
358 1327 449 1371 mors
470 1303 542 1395 ipsa
562 1300 646 1386 fuit,
667 1300 760 1370 luror
781 1317 956 1396 permanat
976 1304 1010 1371 in
1033 1301 1179 1372 herhas:

274 1408 445 1478 Deficiunt
464 1409 551 1493 rivi3
578 1405 728 1502 squalent
750 1406 902 1504 rubigine
923 1423 1035 1504 prate3

275 1518 320 1585 Et
339 1512 420 1583 nihil
443 1513 592 1582 efflatum
615 1515 722 1582 vivit:
740 1511 863 1608 pallere
884 1515 1039 1610 ligustra,

275 1621 453 1716 Exspirere
474 1644 585 1706 rosas,
608 1620 798 1689 decrescere
821 1617 887 1690 lilia
910 1622 986 1690 vidi.

275 1729 325 1796 Ut
347 1751 448 1797 reuco
470 1726 609 1796 reduces
631 1740 740 1795 tractu
763 1725 901 1796 detorsit
924 1729 1085 1814 hebenus,

277 1955 386 1990 suerum
400 1933 569 2008 presidium,
585 1952 639 2006 quo
656 1952 685 1985 sc
700 1945 785 1986 tutem
831 1953 865 1988 ne
883 1955 898 1988 e
916 1935 1073 1990 contusione
1094 1937 1196 1990 suffuso
1215 1937 1281 1991 cmi.
1302 1966 1342 1983 -·

277 2035 334 2071 esse
351 2014 478 2070 adversus
496 2033 589 2068 omnes
610 2026 697 2066 metus
716 2013 787 2066 erhi-
831 2017 909 2072 Luror
915 2017 1048 2087 permansit
1058 2020 1083 2068 in
1095 2017 1173 2069 herbis
1180 2017 1341 2070 VicParrh.

278 2109 372 2151 netur.
833 2095 1342 2170 Vien.sunteasrtantmaphuaruc

329 2178 395 2231 231.
416 2176 529 2230 Germirre
547 2173 627 2229 etiam
647 2174 693 2227 hic
714 2174 790 2226 molit
833 2177 900 2230 luror
920 2177 997 2230 MSS.
1019 2175 1092 2250 apud
1110 2177 1203 2230 Perrh.
1223 2177 1270 2249 qni
1287 2195 1341 2230 non

280 2257 372 2312 Heius.
388 2257 459 2309 colles
472 2254 548 2308 MSS.
833 2254 949 2312 damnet.
957 2259 1195 2328 Livorpemamitin
1203 2257 1343 2310 loerbiffles.

322 2336 386 2392 235.
398 2338 456 2390 Nor
465 2337 517 2387 alto
528 2336 600 2405 vulg.
607 2333 678 2401 soeda
688 2332 751 2386 Ald.
764 2346 791 2386 et
833 2354 917 2407 marg.
929 2338 1003 2410 quod
1012 2339 1099 2408 placet
1107 2337 1198 2390 Barth.
1211 2339 1344 2408 lirorper·

278 2417 370 2471 Heius.
385 2415 510 2471 exMSS.
835 2419 897 2469 venit
905 2417 1021 2469 inberbes
1030 2417 1103 2485 Chr.
1111 2417 1208 2470 Nostro
1216 2417 1296 2470 lectio
1306 2429 1347 2470 est

322 2498 386 2551 238.
411 2498 491 2549 Lem
516 2507 542 2548 et
566 2493 658 2545 luridae
680 2492 791 2563 pelloris
834 2496 926 2551 Heius.
939 2516 970 2549 ex
982 2496 1056 2549 Mss.

279 2596 401 2633 summus
409 2573 638 2649 padomum
648 2572 790 2643 nigricans,
875 2582 941 2637 ndo.
958 2577 1056 2629 Patere
1073 2573 1106 2626 cd
1125 2573 1245 2626 obsolete
1263 2572 1346 2627 fleve-

280 2658 365 2731 qualir
376 2671 416 2709 est
425 2656 605 2709 ictericorum.
617 2654 726 2723 Lucret.
740 2652 791 2716 IV,
833 2668 948 2708 scentern
965 2672 1113 2707 emeroore
1125 2654 1246 2705 alborum
1260 2671 1347 2724 quum

282 2738 337 2791 333
349 2754 356 2788 :
367 2735 484 2788 «Laride
493 2746 619 2805 preterea
629 2732 789 2801 ficumque·
833 2734 925 2805 vigent
932 2734 1029 2786 florum
1038 2733 1154 2786 colorem
1164 2732 1276 2803 pulchre
1285 2752 1346 2787 con·

281 2834 386 2887 cunque
397 2826 507 2866 tuentur
517 2813 645 2883 Arqueti:
657 2837 668 2857 ι
681 2807 691 2873 (
702 2811 791 2863 icteri-
833 2814 916 2867 venit.
938 2814 1007 2866 Atta
1026 2814 1129 2882 ligustra
1153 2830 1235 2883 quum
1258 2814 1346 2865 cedern

281 2896 322 2959 ci,
335 2894 432 2947 morbo
445 2891 520 2963 regio
532 2888 698 2953 laborantes)
710 2915 722 2937 ι
734 2928 757 2943 ..
767 2928 790 2940 ..
835 2888 923 2963 (Virg.
938 2893 994 2946 Ecl.
1009 2892 1053 2957 11,
1072 2889 1127 2956 18)
1144 2892 1264 2963 pellent,
1276 2894 1304 2946 h.
1322 2911 1345 2945 e.

283 2975 346 3049 quie
359 2974 458 3027 luroris
470 2970 504 3025 de
515 2988 628 3042 corpore
641 2988 733 3021 eorum
745 2968 792 3021 Se·
834 2971 901 3025 flere
915 2972 994 3026 fiunt.

280 3056 355 3109 mina
365 3053 449 3107 multa
459 3052 556 3106 fluunt.
568 3075 580 3097 ι
592 3049 637 3103 Sic
645 3061 686 3101 est
695 3048 725 3101 in
737 3046 793 3101 edi·
878 3058 944 3115 πάι.
957 3054 1098 3105 Decrescere
1110 3054 1189 3105 etiem
1207 3070 1240 3104 ex
1253 3064 1345 3105 natura

283 3137 358 3191 tione
373 3132 522 3186 Veronensi
539 3130 618 3184 etiam
638 3131 723 3192 1686,
745 3128 791 3180 fol·
836 3133 972 3186 haustum.
988 3132 1189 3185 Pulcherrimus
1205 3133 1238 3183 ab
1254 3132 1347 3203 empli-

284 3216 354 3269 Sunt
368 3228 455 3268 remen
472 3217 551 3265 etiam
562 3209 625 3268 libri
635 3246 643 3274 ‚
654 3208 702 3279 qui
716 3209 794 3260 lutea
837 3211 1018 3267 rudineetiem
1032 3212 1097 3277 flos,
1108 3210 1173 3265 dum
1184 3214 1309 3274 senescit,
1319 3212 1346 3263 in

285 3296 384 3348 habent
398 3306 425 3346 er
440 3295 540 3353 Moris,
551 3307 620 3361 quoe
631 3292 707 3360 juvet
718 3289 794 3341 locus
836 3292 1346 3364 rugascontrahitur.-Livescere,Reg.

285 3374 415 3427 Varronis
432 3373 462 3425 in
482 3366 626 3424 Eumenid.
647 3367 718 3441 apud
737 3368 793 3420 No·
838 3390 944 3425 amanu
957 3371 1083 3425 secunda.

285 3448 795 3517 nium,1,151‚etXVI,1o:«Nam
884 3459 950 3514 ψ.
975 3454 1071 3504 Ruucus
1097 3462 1187 3503 tractus
1207 3464 1246 3505 est
1270 3469 1347 3503 soum

286 3547 318 3589 ut
328 3531 445 3605 arquatis
459 3544 487 3584 et
500 3530 572 3583 lutee
583 3546 644 3599 que
653 3548 708 3581 non
718 3539 794 3592 sunt,
837 3534 1020 3584 ventincurru
1028 3532 1150 3585 Plutonis
1157 3530 1350 3584 eucharisum·

287 3628 315 3670 et
333 3632 395 3686 quae
414 3623 490 3669 runt,
505 3610 577 3662 lutee
592 3607 739 3674 videntum
757 3608 795 3659 ⁸50
838 3613 901 3664 sisse
910 3610 1107 3665 rideturaVel.
1119 3611 1224 3673 Flacco,
1234 3611 1248 3661 I
1258 3650 1265 3677 ,
1276 3608 1347 3672 διά,

288 3691 450 3750 insanissimi
461 3703 488 3744 et
499 3688 795 3741 furioeividenturene
839 3692 888 3744 uhi
899 3690 933 3743 de
946 3692 1085 3764 Zephyro,
1100 3692 1186 3753 Noto,
1198 3691 1290 3743 Euro:

288 3774 382 3830 insani.
391 3798 403 3821 ι
414 3772 491 3823 Ludo!
499 3783 526 3823 et
538 3771 614 3822 dudem
624 3769 698 3822 color
706 3769 796 3838 imque
840 3784 937 3824 induxere
944 3784 1040 3831 hiemem,
1050 3798 1147 3837 reuooqee
1155 3784 1178 3821 nd
1188 3782 1315 3822 tironium:

287 3854 418 3909 hactenus
430 3850 593 3903 convenient
606 3866 667 3901 cnm
680 3849 758 3900 tumn
770 3859 797 3898 et
841 3854 936 3895 Unanimi
946 3855 996 3894 fret·
1007 3868 1067 3894 cun·
1079 3854 1152 3893 terunt-

273 3935 377 3987 ‘lurido
393 3929 445 3984 Sed
456 3948 506 3983 nee
515 3930 589 3982 Livor
598 3930 712 3981 muitum
721 3927 797 3979 ablu·
840 3927 1045 3999 Ipsaoonversio
1053 3944 1151 3981 currus
1159 3925 1301 3979 tumultum
1310 3940 1351 3975 ex·

288 4013 344 4077 dit,
362 4012 438 4065 color
455 4010 591 4063 obsoletus
608 4020 636 4061 et
654 4010 797 4070 obscurus,
842 4009 933 4061 citavit
950 4009 977 4059 in
998 4026 1065 4060 uere.
1083 4006 1179 4058 Raucae
1191 4016 1349 4075 perpetuum

287 4113 320 4149 ex
333 4093 402 4145 flavo
415 4100 442 4142 et
452 4089 581 4154 ceruleo,
592 4089 638 4159 qui
648 4088 680 4141 fit
692 4088 796 4157 nngui·
840 4102 981 4142 ventorum
995 4100 1021 4141 et
1033 4087 1153 4141 naturale
1165 4084 1309 4156 epitheton.
