3034 4900
227 482 334 565 ,dio
558 478 810 551 ANONYMI
838 479 1020 549 POETAE

257 610 460 679 Incumbunt
476 608 598 681 celeres
612 610 678 699 ilii,
693 635 933 707 squamosaque
943 612 1053 704 jussus
1292 632 1321 673 ³0

257 719 374 785 Armet
390 714 474 786 colla
491 716 602 786 furor:
622 743 703 804 nec,
722 720 873 813 quamvis
891 718 1037 786 maxima
1053 728 1180 800 tractu,

258 822 445 891 Traduntur
462 824 578 917 spiris3
595 826 743 919 sequitur
760 849 837 920 pars
855 840 972 894 catera
989 836 1113 917 peetus.

258 930 376 999 'l'ristis
391 932 549 999 Tartarea
564 932 717 1001 vibratur
731 930 844 1001 sibilus
861 954 951 999 aura.

259 1036 372 1103 Morte
391 1036 511 1104 rubent
531 1035 638 1125 oculi,
659 1037 841 1132 trifidisque
858 1036 1026 1106 horrentia
1043 1032 1162 1127 linguis

261 1142 332 1209 Ora
349 1156 485 1229 sonant,
500 1143 697 1238 nigrumque
717 1145 861 1214 fremens
878 1142 966 1213 levat
980 1142 1030 1209 ira
1047 1162 1222 1209 venenum.
1292 1162 1316 1203 as

313 1246 404 1336 Quid
425 1271 514 1318 nune
535 1250 666 1320 invictis
683 1249 816 1320 fraudes
837 1252 1004 1319 innectere
1022 1247 1115 1326 satis,

260 1349 451 1423 Caelicolum
470 1354 616 1449 Regina,
631 1355 748 1449 juvat?
767 1382 826 1429 cur
847 1356 963 1451 objicis
984 1377 1131 1449 angues,

261 1459 332 1528 Cur
348 1482 453 1553 parvo
471 1460 642 1553 geminos?
656 1486 743 1532 anne
760 1487 864 1531 unum
882 1486 978 1556 posse
997 1460 1107 1531 necari

261 1568 335 1632 Jam
353 1579 457 1635 strato
474 1566 625 1660 Pythone
644 1567 764 1639 times?
782 1570 876 1638 Licet
891 1570 1002 1637 omnia
1019 1564 1134 1635 muudi

261 1670 414 1739 Monstra
431 1696 544 1760 voces,
562 1675 734 1769 ipsamque
753 1698 863 1745 armes
884 1670 1090 1767 serpentibus
1105 1668 1269 1763 Hydram,
1293 1698 1321 1741 a·
1412 1712 1415 1719 ι

262 1776 429 1847 Defendet
447 1792 566 1858 natura
584 1783 715 1869 Deum,
736 1795 930 1875 patremque
950 1776 1123 1873 probabit,

263 1883 365 1971 Quod
382 1909 451 1953 non
468 1886 520 1955 vis
539 1901 711 1975 constare,
727 1890 854 1957 Jovem.
873 1889 1012 1979 Jamque
1032 1884 1125 1951 irrita
1142 1882 1217 1951 tetri

262 1991 357 2059 Jussa
374 2005 494 2085 parant
507 1990 645 2087 impiere
661 2018 806 2087 angues,
825 1994 1010 2085 miseroque
1027 1989 1140 2061 furore

262 2099 304 2164 In
322 2110 379 2166 tua
396 2097 463 2167 fata
479 2112 630 2171 tument:
648 2101 756 2171 cernit
773 2114 830 2169 tua
848 2100 998 2169 membra
1016 2109 1184 2191 petentes,

264 2204 498 2297 Horrescitque
517 2228 658 2299 parens,
676 2230 865 2300 numenque
882 2206 998 2299 ignara
1015 2226 1141 2272 creasse
1298 2222 1325 2271 4⁵

263 2308 399 2378 Mortali
415 2312 538 2403 pictate
554 2312 661 2385 timet.
680 2310 755 2397 Nil,
773 2326 908 2398 sanem,
928 2309 1077 2405 superbae

265 2413 394 2485 Pellicis
413 2416 566 2502 insidias,
585 2414 666 2488 caelo
684 2416 786 2488 modo
807 2418 911 2504 freta,
930 2416 1115 2499 tremiscas,

263 2522 357 2592 Neve
376 2522 448 2592 haee
465 2539 614 2596 monstra
630 2525 691 2594 tibi
710 2525 853 2614 faciant,
871 2523 1049 2610 Alcmena,
1067 2544 1234 2615 pavorem.

263 2630 316 2697 Sic
334 2643 441 2700 mater
457 2645 552 2725 potes
569 2655 640 2702 esse
655 2633 735 2705 Dei:
750 2632 819 2724 jam
837 2629 916 2700 tolle
934 2654 1087 2699 serenum

264 2736 355 2803 Laeta
375 2737 543 2816 animum,
562 2751 721 2831 tantoque
739 2737 843 2806 libens
862 2737 933 2806 haec
952 2735 1084 2829 adspice
1103 2730 1217 2817 vultu,
1303 2755 1327 2792 a.

263 2840 313 2908 Ut
328 2839 444 2910 deceat
461 2844 612 2936 genuisse
628 2847 746 2912 Jovcm
762 2871 771 2926 ;
790 2842 920 2938 depone
936 2844 1089 2912 timorem

263 2945 441 3040 Indignum
462 2962 582 3041 partu,
599 2962 780 3044 natumque
799 2947 967 3044 exemplar
986 2947 1118 3017 habeto.

306 3120 352 3175 32.
362 3120 442 3191 Spiroe
452 3124 523 3192 conj.
535 3122 627 3176 Heius.
860 3131 907 3193 47.
917 3122 1054 3174 Junonem
1065 3119 1159 3170 iratam
1171 3135 1226 3169 non
1241 3115 1328 3168 timuit

307 3200 354 3254 35.
364 3203 479 3256 Plectra
489 3204 559 3273 conj.
571 3201 663 3258 Heius.
818 3203 862 3256 hic
881 3203 977 3265 Poeta,
991 3201 1039 3271 qui
1060 3197 1156 3252 audeat
1175 3196 1247 3248 ittam
1258 3197 1329 3265 pelli-

308 3281 355 3338 36.
370 3283 543 3349 Invitis...saa‘e
557 3285 627 3350 conj.
642 3281 734 3335 Heius.
819 3301 867 3334 cem
891 3281 1040 3343 Alcmene,
1064 3289 1166 3331 retorto
1188 3277 1216 3328 in
1234 3279 1329 3345 jusum

308 3360 352 3428 39.
366 3361 524 3432 Exemplum
540 3361 676 3433 'Apollinis
699 3375 777 3432 pote·
820 3379 932 3414 uxorem
946 3371 973 3412 et
994 3359 1111 3429 reginam
1131 3353 1268 3420 convicio,
1284 3373 1330 3424 ap-

266 3451 308 3491 rat
317 3456 424 3492 morere
437 3439 588 3503 Junonem,
601 3439 667 3513 quii,
676 3454 708 3494 ut
718 3460 777 3494 om·
820 3441 929 3514 pellere.
935 3439 1045 3492 -Caela
1051 3439 1129 3506 sieta,
1138 3436 1190 3489 boc
1196 3434 1331 3503 entem

266 3518 361 3585 nibus,
376 3517 528 3574 rudimenta
548 3520 612 3574 artic
628 3539 682 3574 suae
700 3523 777 3592 ragit·
822 3521 862 3574 tui
876 3519 982 3574 auxilio.

268 3597 342 3650 tandi
359 3597 433 3652 dedit
448 3600 477 3652 in
491 3600 634 3672 Pythone,
653 3599 779 3654 horribili
863 3599 908 3653 51.
921 3599 1011 3652 Potest
1024 3595 1150 3667 explicari
1163 3595 1208 3647 hic
1221 3610 1332 3658 rusus,

267 3675 399 3744 dracoue,
418 3679 575 3738 Parnassum
595 3693 622 3734 et
640 3681 779 3740 oraculum
822 3693 853 3734 ut
866 3679 926 3732 Jovi
939 3677 1066 3732 decorum
1079 3675 1114 3729 sit
1128 3694 1159 3728 ex
1171 3687 1198 3727 te
1211 3673 1332 3743 genuisse

267 3757 336 3812 illud
352 3757 501 3816 obsidente.
822 3759 874 3814 ribi
889 3758 983 3811 fllium.
1000 3757 1068 3810 Nam
1086 3753 1154 3806 lovis
1168 3771 1268 3806 nomeu
1287 3751 1332 3804 hie

310 3845 357 3900 dr.
373 3840 448 3908 Quod
457 3844 532 3904 norit,
548 3840 628 3894 Vien.
639 3852 667 3893 et
678 3840 737 3893 Bas.
823 3837 1014 3893 communicari
1036 3853 1098 3887 eum
1122 3833 1254 3896 Bucule,
1278 3849 1332 3884 nou

309 3918 354 3979 43.
373 3919 495 3990 Versoque
504 3922 573 3991 conj.
586 3919 676 3972 Heius.
822 3937 891 3989 opus
903 3930 951 3970 est.
960 3949 1000 3958 -
1013 3916 1140 3976 Tenuisse,
1156 3915 1217 3983 Cuj.
1231 3910 1297 3982 quid
1312 3911 1333 3964 si

308 4003 354 4059 dd.
362 3996 430 4060 Sua,
443 3998 506 4053 ald.
516 4001 599 4070 lsing.
610 3998 716 4070 Gryph.
823 3997 879 4051 Jove
886 4015 947 4050 cum
960 3993 1069 4048 Heinsio
1079 3991 1264 4044 voluerimus?

311 4076 355 4138 45.
370 4074 498 4143 Creasset,
514 4093 577 4132 tres.
865 4077 911 4130 5².
926 4077 1061 4146 Natumque
1072 4072 1193 4143 exemplar·
1201 4069 1302 4132 habeto,
1318 4087 1333 4121 c

311 4158 357 4218 46.
370 4155 499 4222 Materna,
514 4157 626 4229 cappro
643 4155 753 4211 Mortali.
823 4159 935 4226 conject.
951 4155 1042 4208 Heius.
1058 4171 1173 4223 proque
1187 4151 1300 4204 habebas.
