3034 4900
259 432 328 502 118
472 431 548 499 CL.
576 429 875 496 CLAUDIANI
902 428 1095 496 XXVIII.

251 568 425 659 Coeperat,
444 563 545 656 inque
564 560 633 629 dies
650 583 807 628 numerus
828 557 1018 629 decrescere
1039 563 1170 645 castris;

251 670 323 738 Nec
336 670 405 763 jam
424 667 538 737 seditio
559 669 671 761 paucis
693 663 822 735 occulta
840 666 967 759 parari,

253 776 318 845 Sed
337 776 433 844 cunei
448 788 589 868 totaeque
606 772 713 867 palam
735 770 902 841 discedere
922 786 1050 842 turmae.

252 882 490 974 Consequitur,
505 904 656 973 vanoque
677 878 821 949 fremens
840 876 985 947 clamore
1003 892 1159 963 retentat,

162 1080 165 1083 ἦ
252 990 403 1083 Cumque
421 988 486 1055 suis
499 987 569 1080 jam
587 984 671 1053 bella
689 985 773 1079 gerit
792 1010 800 1051 ε
817 1009 895 1052 mox
915 985 1049 1053 nomina
1068 984 1206 1080 supplex
1272 1016 1312 1055 ‚ss

252 1095 338 1162 Cum
356 1092 436 1161 fletu
452 1091 668 1187 precibusque
684 1092 992 1184 ciet,veterumque
1008 1089 1158 1159 laborum

250 1199 435 1285 Admonet,
455 1213 489 1266 et
509 1197 632 1267 frustra
644 1195 796 1292 jugulum
819 1196 1028 1291 parcentibus
1045 1197 1168 1267 offert:

251 1303 435 1398 Defixoque
454 1302 548 1372 malis
565 1306 676 1374 animo
696 1327 755 1372 sua
774 1302 924 1371 membra
940 1326 1079 1397 suasque

252 1412 368 1479 Cernit
384 1410 473 1478 abire
494 1434 619 1479 manus.
639 1408 756 1499 Qualis
777 1408 930 1503 Cybeleia
948 1433 1105 1504 quassans

251 1515 406 1610 Hyblaeus
423 1514 539 1610 procul
560 1540 624 1585 tera
643 1541 743 1586 senex
759 1539 915 1587 revocare
936 1515 1069 1610 fugaces
1271 1542 1311 1579 ‚ss

250 1623 385 1691 Tinnitu
404 1637 543 1691 conatur
559 1647 654 1716 apes,
675 1647 748 1717 quse
768 1638 885 1716 sponte
902 1620 1023 1691 relictis

249 1729 428 1797 Descivere
446 1728 547 1816 favis3
564 1730 738 1823 sonituque
757 1729 935 1799 exlraustus
951 1728 1040 1797 inani

250 1835 375 1928 Raptus
394 1832 498 1902 mellis
516 1860 613 1929 opes,
631 1833 798 1930 solitaeque
816 1834 918 1905 oblita
935 1833 1068 1903 lutebrae

251 1939 380 2008 Perfida
400 1939 551 2033 deplorat
569 1942 681 2009 vactris
698 1942 849 2009 examina
866 1941 957 2011 ceris.

302 2048 393 2141 Ergo
408 2045 466 2113 ubi
482 2045 649 2141 praeclusae
665 2048 741 2117 voci
762 2046 870 2116 laxata
890 2047 1014 2115 remisit

251 2154 357 2238 Frena
372 2149 482 2239 dolor,
499 2168 596 2223 notas
613 2152 716 2230 oculis
732 2153 944 2224 humentibus
961 2151 1062 2247 Alpes

250 2258 418 2352 Adspicit,
438 2273 472 2329 et
489 2262 627 2329 nimium
647 2260 768 2329 diversi
789 2264 927 2331 stamine
946 2260 1004 2328 fati

250 2496 355 2550 tubere
365 2512 396 2547 ex
408 2505 465 2544 toto
474 2510 599 2562 corpore,
611 2505 643 2544 ut
652 2493 756 2544 minus·
799 2497 883 2563 jecto,
893 2513 943 2548 nec
953 2512 1009 2566 sese
1019 2505 1143 2548 movente
1155 2494 1190 2545 ob
1201 2493 1310 2562 pondus

226 2574 230 2580 ⁴
251 2586 295 2626 tur
308 2590 448 2633 numerus,
461 2569 559 2640 fiatque
571 2571 670 2622 raritas.
801 2571 974 2624 miseriarum.

293 2651 357 2704 ebs.
367 2653 456 2702 Paucis
465 2650 557 2700 occasa
564 2669 574 2710 ,·
586 2646 700 2701 necdum
711 2665 756 2699 oc·
842 2649 905 2718 ²⁵9·
920 2651 1031 2722 Cybeleia
1041 2671 1107 2713 cere,
1118 2650 1205 2722 pelves
1216 2662 1243 2702 et
1254 2650 1307 2704 tiu·

249 2731 351 2783 cultum
368 2740 423 2780 eret
437 2725 529 2799 paucis
544 2729 633 2799 parari
649 2726 756 2781 seditio·
800 2728 948 2789 tinnabula,
960 2729 1082 2800 qualibus
1094 2731 1168 2795 utiet
1179 2730 1306 2782 tinnitum

249 2827 331 2871 nem,
352 2825 411 2876 que
426 2807 526 2858 melum
540 2810 683 2878 pessimum
706 2820 754 2862 est.
802 2807 992 2882 strepitumque
1003 2810 1116 2862 excitare
1126 2810 1244 2863 solebant
1255 2811 1308 2880 Cy-

249 2886 275 2938 N
276 2904 317 2937 am
330 2904 363 2937 ex
375 2885 509 2955 Vegetio:
527 2912 538 2934 ι
548 2887 622 2939 nulla
635 2889 756 2957 quamvis
800 2889 900 2941 beless.
908 2889 1001 2942 Matris
1010 2891 1096 2942 Deum
1104 2890 1226 2950 cultores,
1236 2889 1305 2943 Galli

251 2965 364 3017 minima
376 2962 444 3027 ratio
456 2968 586 3035 potestab
599 2963 755 3020 adversariis
800 2970 946 3040 presertim
959 2969 997 3021 illi
1009 2987 1029 3022 s.
1042 2969 1148 3022 exsecti.

254 3043 404 3117 perdeleri,
420 3044 473 3101 nisi
486 3045 602 3117 propriis
615 3045 755 3099 simultati·
841 3051 906 3103 260.
922 3049 1039 3123 Hybloeus
1051 3069 1136 3110 senec,
1151 3047 1237 3101 incola
1251 3050 1307 3120 Hy·

250 3127 301 3178 bus
314 3144 341 3178 se
354 3125 410 3195 ipsa
422 3126 623 3196 consumpserit.
635 3151 646 3171 ·
663 3125 755 3179 -Se-
799 3128 866 3193 blae,
886 3129 967 3182 Attici
982 3129 1095 3194 montis,
1111 3129 1187 3200 cujus
1203 3148 1264 3200 apes
1279 3141 1306 3182 et

249 3204 413 3268 diti05multi
423 3203 522 3257 deditio.
799 3207 876 3260 melle
888 3219 984 3280 preter
999 3222 1104 3262 ceteras
1119 3206 1268 3262 laudantur.

290 3284 356 3337 255.
374 3284 488 3338 Nomina.
499 3325 522 3338 ..
533 3323 539 3335 .
552 3289 606 3347 ciet,
623 3285 756 3338 nobilissi·
842 3291 907 3350 264.
917 3287 1029 3358 Perfida,
1041 3289 1115 3360 quusi
1126 3289 1305 3360 promisissent

247 3382 306 3416 mos
314 3381 434 3434 quosque
443 3377 470 3417 et
476 3364 590 3435 insignes
598 3365 756 3419 nominatim
800 3384 862 3458 apes
870 3386 897 3420 se
908 3367 936 3420 in
947 3368 989 3420 bis
1000 3367 1146 3421 alvearibus
1157 3385 1303 3430 mansuras,

247 3442 402 3512 compellat,
415 3454 504 3514 roget,
520 3456 552 3496 ut
565 3455 610 3496 aut
624 3463 713 3497 secum
728 3459 755 3499 et
799 3464 889 3517 sicque
900 3466 932 3498 ns
945 3445 1055 3501 desertis
1068 3446 1150 3500 fidem
1162 3447 1302 3498 violarent

245 3541 297 3593 pro
317 3540 344 3574 se
363 3535 498 3592 pugnent,
519 3537 567 3576 aut
586 3541 628 3588 se,
650 3542 753 3577 causum
839 3525 903 3580 265.
916 3527 1061 3590 Proeclusae,
1075 3546 1136 3581 nem
1148 3525 1256 3578 maximi
1248 3525 1306 3577 ¹·al

246 3601 391 3666 malorum,
401 3600 574 3655 interficiant.
584 3603 673 3668 sicV,
686 3604 752 3674 369,
797 3605 880 3658 lectus
896 3625 989 3659 vocem
1002 3605 1164 3677 precludere
1176 3617 1203 3656 et
1220 3605 1303 3678 impe·
1351 3672 1354 3678 Ι

245 3680 275 3732 it.
289 3681 382 3746 XXII,
400 3681 464 3746 153,
478 3681 524 3734 ubi
538 3680 592 3734 vid.
796 3684 854 3738 dire
869 3685 972 3739 solent:
988 3687 1086 3739 etenim
1104 3705 1135 3738 ex
1151 3682 1305 3744 doloribus,

287 3761 352 3830 ²⁵7·
369 3761 503 3830 Jugulum
519 3775 550 3814 ut
569 3762 653 3814 solent
671 3761 752 3816 duces
796 3764 865 3818 leves
878 3765 1040 3837 loquuntur,
1056 3767 1175 3838 ingentes
1189 3777 1303 3837 stupent.

242 3837 322 3917 rebus
335 3839 690 3913 profligatisecdesperstis,
704 3843 751 3914 qui
838 3848 902 3914 267.
923 3844 1021 3898 Stamen
1035 3848 1104 3913 sati,
1125 3844 1202 3898 solita
1221 3857 1303 3897 meta-

243 3904 320 3967 orent
337 3919 453 3983 milites,
473 3933 504 3973 ut
524 3941 552 3974 se
570 3922 660 3993 potius
680 3923 750 3976 occi-
794 3924 978 3994 phorsacolo
989 3938 1016 3978 et
1027 3925 1079 3978 libs
1090 3926 1249 3992 Parcarum
1259 3944 1305 3976 no·

242 3993 319 4057 dunt,
335 4013 414 4063 quem
430 3958 561 4054 deserent
794 4016 832 4056 tet
839 4017 956 4057 tenorem
963 4006 1304 4060 etcontrnuationemeven

282 4073 347 4128 258.
357 4071 463 4144 Defim
476 4080 565 4130 suimo
578 4093 691 4143 attento,
703 4082 749 4135 de·
794 4096 870 4137 tunm
883 4085 1004 4138 fortune.
