3034 4900
413 429 568 499 DE-VI
594 429 741 499 CONS.
771 429 1018 499 HONORII.
1171 432 1240 519 143

177 569 278 635 Sacra
297 561 428 632 refert:
448 556 570 655 flagrat
589 559 705 630 studiis
720 560 899 631 concordia
914 560 1020 657 rugi,

177 673 288 761 Quam
306 694 378 739 uon
394 666 559 737 illecebris
571 666 711 761 dispersi
724 664 848 762 colligis
866 668 953 754 auri;
1204 700 1243 739 σος

180 777 251 845 Nec
272 777 332 845 tibi
349 772 488 843 venales
509 786 643 868 captant
662 776 778 843 aeraria
796 770 930 868 plausus

180 884 391 977 Corruptura
414 876 538 949 fidem:
556 880 681 949 meritis
701 877 842 949 offertur
863 881 1031 973 inemptus

181 990 268 1059 Pura
286 1001 400 1055 mente
419 984 534 1070 savor3
555 1008 633 1054 uam
651 1009 789 1055 munere
810 985 917 1054 carior
936 987 1025 1055 omni

182 1093 371 1187 Obstringit
391 1116 452 1161 sua
467 1115 631 1186 quemque
647 1090 751 1161 salust
773 1089 892 1187 procul
908 1091 1050 1163 ambitus
1068 1108 1164 1164 erret

182 1198 260 1267 Non
281 1212 409 1293 quaerat
429 1198 590 1293 pretium,
606 1198 708 1267 vitam
730 1198 787 1290 qui
805 1196 905 1266 debet
920 1200 1033 1267 amori.
1207 1234 1245 1272 a„

184 1306 217 1373 0
236 1317 400 1399 quantum
420 1301 545 1399 populo
566 1305 682 1374 secreti
703 1303 847 1372 numinis
866 1302 957 1373 addit

184 1411 319 1505 Imperii
339 1434 484 1504 praesens
506 1410 635 1503 genius,
648 1421 870 1503 quantamque
886 1410 1036 1504 rependit

183 1516 342 1609 Majestas
359 1513 486 1585 alterna
503 1518 634 1601 vicem,
654 1539 757 1609 quum
777 1516 867 1609 regia
883 1516 971 1585 Circi
1089 1584 1090 1587 ,

183 1623 381 1690 Convexum
396 1621 552 1717 gradibus
569 1634 747 1691 veneratam
766 1644 912 1716 purpura
935 1622 1073 1719 vulgus,

183 1729 393 1821 Assensuque
415 1752 504 1797 cavae
525 1725 672 1797 sublatus
692 1728 728 1795 in
747 1726 871 1795 aethera
890 1724 983 1798 vallis
1208 1762 1247 1799 ce

183 1830 289 1902 Plebis
304 1832 451 1903 adoratae
466 1832 583 1903 reboat
601 1832 733 1929 fragor,
749 1854 881 1927 unaque
899 1835 977 1903 totis

183 1940 319 2008 Intonat
336 1940 526 2033 Augustum
541 1941 684 2034 septenis
702 1937 833 2009 arcibus
851 1938 956 2009 Echo.

184 2042 256 2113 Nec
274 2044 353 2114 solis
372 2045 429 2113 hic
447 2068 564 2115 cursus
580 2045 696 2140 equis:
717 2058 847 2115 assueta
863 2044 1028 2139 quadrigis
1102 2066 1107 2078 ·

229 2252 694 2326 605.Noaaparsitigiturnummos,
738 2252 1247 2327 imperiilnantiquisnummislegitur:

188 2345 237 2386 aut
262 2333 377 2405 pretiosa
400 2334 511 2387 missilia
537 2333 693 2399 Honoritta,
738 2331 827 2385 Genio
841 2333 934 2404 populi
947 2334 1067 2386 Romani.

188 2431 249 2484 que
266 2429 322 2466 non
336 2414 421 2468 miuus
437 2411 595 2469 laudaturus
608 2414 695 2470 fumat
780 2412 846 2466 613.
859 2412 976 2482 Majestas
984 2414 1247 2485 antiquaretioneest

187 2492 300 2556 Noster,
311 2494 433 2565 exernplo
446 2494 568 2566 Papinii,
584 2493 650 2547 Sila.
665 2497 694 2560 1,
738 2491 847 2564 populi:
858 2510 1026 2564 quamquam
1036 2494 1087 2546 sibi
1096 2512 1249 2568 arrogarent

187 2576 222 2637 6,
241 2591 322 2644 quam
347 2591 422 2626 nuuc
445 2573 588 2644 gratuitam
612 2572 695 2628 fidem
738 2571 1246 2642 solisImperatores,boniatamensuh

184 2651 279 2724 populi
291 2651 434 2725 splendide
447 2651 581 2724 predicat.
737 2651 906 2722 principibus
915 2652 990 2705 licuit
1000 2653 1124 2707 formulas
1136 2655 1193 2710 illas
1205 2675 1248 2710 ve·

225 2735 295 2800 609.
319 2731 372 2785 Sua
386 2733 472 2796 ulau,
487 2751 567 2803 quam
583 2750 598 2785 a
611 2733 695 2786 salute
738 2741 807 2782 teres
818 2749 950 2786 revocare.
962 2731 1013 2785 llio
1025 2745 1104 2803 poeta
1113 2732 1247 2806 duplicem

184 2811 248 2864 boni
271 2812 445 2882 Impar-aroris
466 2809 585 2884 pendere
606 2812 695 2866 existi-
737 2809 817 2879 ponit
839 2811 1000 2880 majestatem
1024 2824 1120 2866 mutuo
1141 2815 1246 2869 honore

184 2903 259 2950 mat,
283 2890 381 2944 invitat
402 2909 559 2963 quemque,
577 2904 605 2944 et
626 2893 697 2962 cogit
738 2900 899 2955 certantem,
916 2891 1024 2944 alteram
1044 2891 1157 2947 llonorr'i
1174 2895 1248 2966 qaod

185 2968 261 3024 adeo.
274 2971 318 3024 Na
330 2983 429 3041 quaeat
441 2970 557 3042 pretium
571 2970 697 3024 aliudmi
739 2971 807 3037 regia
823 2987 948 3039 purpura,
972 2972 1121 3042 Imperator
1142 2992 1246 3046 purpu-

186 3049 214 3102 ia
227 3049 381 3145 Principeap
393 3049 494 3112 studii,
509 3048 555 3121 qui
567 3051 652 3104 amori
665 3051 694 3103 in
738 3057 830 3112 ratus,
844 3060 982 3112 venenam,
997 3049 1106 3115 adorat,
1116 3051 1246 3122 jaciendis

185 3147 214 3182 ae
227 3129 361 3201 Principia
373 3127 454 3184 debet
465 3130 556 3182 vitam.
739 3125 836 3180 osculis
852 3121 899 3190 (ut
913 3128 986 3182 Otho
1008 3129 1080 3200 apud
1094 3131 1157 3185 Tac.
1176 3132 1245 3187 Hiar.

224 3213 293 3262 611.
306 3209 402 3262 Nm
413 3209 459 3262 laic
468 3208 578 3280 ponitur
589 3227 640 3280 pro
653 3209 696 3261 in·
739 3203 763 3269 1,
773 3204 808 3259 36
817 3201 838 3272 ),
848 3207 937 3277 vulgus
949 3211 974 3258 in
985 3209 1100 3277 gradibus
1111 3213 1169 3262 circi
1180 3210 1246 3263 Con·

184 3287 697 3359 aducturebemeatiore,quiaitinatar
740 3285 1246 3358 um‚r.adffl‚r90:utmm

185 3365 271 3422 divini
295 3367 428 3439 impulsus
452 3379 480 3420 et
504 3371 696 3440 Μουσιασμοῦ,
740 3365 853 3435 populi,
868 3368 943 3436 cujus
953 3367 1044 3438 fragor
1058 3369 1140 3422 reboat
1154 3390 1249 3424 &sensu

186 3465 266 3518 qaam
283 3449 426 3519 pauenda
439 3446 611 3519 Imperatoris
625 3448 697 3502 emi.
740 3461 805 3495 σανα
822 3445 893 3497 vallis
909 3445 938 3501 h.
951 3463 975 3498 e.
990 3447 1083 3518 plausu
1099 3449 1249 3504 multitudi-

189 3537 236 3578 tet
248 3528 327 3600 virg,
340 3531 403 3582 AEa.
415 3527 470 3584 IX,
485 3527 539 3583 183
550 3545 560 3580 ς-
740 3523 783 3574 nis
804 3523 834 3575 in
856 3523 926 3576 circo
940 3564 948 3590 ,
970 3541 1117 3598 occupante
1134 3531 1228 3583 vallem
1240 3571 1249 3594 ,

191 3612 292 3652 neusa,
301 3612 698 3661 machaerunta-masnadam,
740 3615 917 3673 congregatae,
929 3602 994 3657 adeo
1006 3619 1037 3660 ut
1049 3625 1063 3658 a
1077 3622 1177 3679 septem
1193 3610 1248 3662 col·

191 3680 364 3732 &uasa-⁸⁸·
373 3683 447 3735 “ian
456 3680 540 3720 ΜΒ*
549 3681 592 3721 ὅτ·
604 3683 689 3735 “affl
739 3681 825 3746 libus,
836 3683 931 3754 quibas
940 3683 1094 3739 inedidcata
1106 3689 1248 3752 Romaest,

191 3751 275 3816 Quod
287 3753 387 3807 Germ
400 3755 498 3824 tapete
512 3766 588 3808 vocat
603 3755 697 3809 Houo-
741 3761 812 3813 Eelro
822 3779 844 3815 s.
856 3781 1023 3834 repercussus
1035 3783 1117 3818 sonus
1131 3771 1228 3820 intuma.

190 3832 280 3895 rium,
289 3831 626 3905 ddicataatqueiugeuiosa
635 3834 699 3889 adu·
783 3841 848 3895 ara.
863 3843 969 3906 Tmen,
983 3857 1107 3914 consepta
1118 3857 1144 3914 et
1154 3846 1247 3900 clathri

188 3909 260 3962 latio
274 3923 323 3963 eat.
741 3918 777 3972 da
800 3921 921 3974 trabibus
935 3960 942 3987 ‚
964 3921 1129 3978 circumdant
1149 3945 1205 3980 arra
1225 3909 1252 3980 si

232 3993 303 4044 612.
316 3989 700 4064 Genias‚1m1›eratdr‚quiest
743 3999 826 4068 spatia
838 3998 1061 4073 circi,quadrigis
1070 4001 1252 4060 ordinaries«)-

188 4069 265 4124 velut
287 4089 387 4124 numen
409 4091 440 4126 ac
465 4071 559 4146 genius
582 4073 700 4130 tutelaris
743 4077 899 4140 nutribat,
912 4081 1137 4154 etapeeiesnnnc
1147 4087 1251 4159 amphi-
