<?xml version="1.0" encoding="UTF-8"?>
<!DOCTYPE html PUBLIC "-//W3C//DTD XHTML 1.0 Transitional//EN"
    "http://www.w3.org/TR/xhtml1/DTD/xhtml1-transitional.dtd">
<html xmlns="http://www.w3.org/1999/xhtml" xml:lang="en" lang="en">
 <head>
  <title>
</title>
<meta http-equiv="Content-Type" content="text/html;charset=utf-8" />
  <meta name='ocr-system' content='tesseract 3.04.00' />
  <meta name='ocr-capabilities' content='ocr_page ocr_carea ocr_par ocr_line ocrx_word'/>
</head>
<body>
  <div class='ocr_page' id='page_1' title='image "./claudiiclaudian01artagoog_0354.png"; bbox 0 0 3034 4900; ppageno 0'>
   <div class='ocr_carea' id='block_1_1' title="bbox 273 477 1109 564">
    <p class='ocr_par' dir='ltr' id='par_1_1' title="bbox 273 477 1109 564">
     <span class='ocr_line' id='line_1_1' title="bbox 273 477 1109 564; baseline -0.005 -14"><span class='ocrx_word' id='word_1_1' title='bbox 273 477 366 564; x_wconf 73' lang='grc'><strong>344·</strong></span> <span class='ocrx_word' id='word_1_2' title='bbox 492 481 567 548; x_wconf 87' lang='lat' dir='ltr'><strong>CL</strong></span> <span class='ocrx_word' id='word_1_3' title='bbox 596 479 901 548; x_wconf 79' lang='lat' dir='ltr'><strong>CLAUDIANI</strong></span> <span class='ocrx_word' id='word_1_4' title='bbox 928 479 1109 547; x_wconf 80' lang='lat' dir='ltr'><strong>XLVIII.</strong></span> 
     </span>
    </p>
   </div>
   <div class='ocr_carea' id='block_1_2' title="bbox 164 606 1338 1763">
    <p class='ocr_par' dir='ltr' id='par_1_2' title="bbox 270 606 1099 704">
     <span class='ocr_line' id='line_1_2' title="bbox 270 606 1099 704; baseline -0.001 -25"><span class='ocrx_word' id='word_1_5' title='bbox 270 608 429 697; x_wconf 87' lang='lat' dir='ltr'><strong>Defectu,</strong></span> <span class='ocrx_word' id='word_1_6' title='bbox 450 633 524 703; x_wconf 85' lang='lat' dir='ltr'><strong>quae</strong></span> <span class='ocrx_word' id='word_1_7' title='bbox 545 633 644 678; x_wconf 79' lang='lat' dir='ltr'><strong>causa</strong></span> <span class='ocrx_word' id='word_1_8' title='bbox 661 609 755 702; x_wconf 85' lang='lat' dir='ltr'><strong>jubet</strong></span> <span class='ocrx_word' id='word_1_9' title='bbox 772 607 948 704; x_wconf 82' lang='lat' dir='ltr'><strong>pallescere</strong></span> <span class='ocrx_word' id='word_1_10' title='bbox 965 606 1074 678; x_wconf 88' lang='lat' dir='ltr'><strong>Solem</strong></span> <span class='ocrx_word' id='word_1_11' title='bbox 1089 635 1099 693; x_wconf 89' lang='lat'>;</span> 
     </span>
    </p>

    <p class='ocr_par' dir='ltr' id='par_1_3' title="bbox 271 713 992 800">
     <span class='ocr_line' id='line_1_3' title="bbox 271 713 992 800; baseline 0 -16"><span class='ocrx_word' id='word_1_12' title='bbox 271 713 370 785; x_wconf 88' lang='lat' dir='ltr'><strong>Unde</strong></span> <span class='ocrx_word' id='word_1_13' title='bbox 391 713 602 786; x_wconf 85' lang='lat' dir='ltr'><strong>rubescentes</strong></span> <span class='ocrx_word' id='word_1_14' title='bbox 618 713 709 785; x_wconf 82' lang='lat' dir='ltr'><strong>ferali</strong></span> <span class='ocrx_word' id='word_1_15' title='bbox 728 717 818 786; x_wconf 90' lang='lat' dir='ltr'><strong>crine</strong></span> <span class='ocrx_word' id='word_1_16' title='bbox 837 729 992 800; x_wconf 70' lang='lat' dir='ltr'><strong>cometes,</strong></span> 
     </span>
    </p>

    <p class='ocr_par' dir='ltr' id='par_1_4' title="bbox 271 820 1338 1023">
     <span class='ocr_line' id='line_1_4' title="bbox 272 820 1338 916; baseline 0 -26"><span class='ocrx_word' id='word_1_17' title='bbox 272 821 371 890; x_wconf 90' lang='lat' dir='ltr'><strong>Unde</strong></span> <span class='ocrx_word' id='word_1_18' title='bbox 388 820 494 890; x_wconf 85' lang='lat' dir='ltr'><strong>fluant</strong></span> <span class='ocrx_word' id='word_1_19' title='bbox 512 823 618 909; x_wconf 88' lang='lat' dir='ltr'><strong>venti,</strong></span> <span class='ocrx_word' id='word_1_20' title='bbox 641 821 776 916; x_wconf 83' lang='lat' dir='ltr'><strong>trepidae</strong></span> <span class='ocrx_word' id='word_1_21' title='bbox 794 822 865 916; x_wconf 92' lang='lat' dir='ltr'><strong>quis</strong></span> <span class='ocrx_word' id='word_1_22' title='bbox 883 821 1010 891; x_wconf 85' lang='lat' dir='ltr'><strong>viscera</strong></span> <span class='ocrx_word' id='word_1_23' title='bbox 1028 834 1122 898; x_wconf 77' lang='lat' dir='ltr'><strong>terroe</strong></span> <span class='ocrx_word' id='word_1_24' title='bbox 1156 878 1160 883; x_wconf 95' lang='lat'><strong>.</strong></span> <span class='ocrx_word' id='word_1_25' title='bbox 1326 851 1338 890; x_wconf 79' lang='lat' dir='ltr'><strong>s</strong></span> 
     </span>
     <span class='ocr_line' id='line_1_5' title="bbox 271 925 1095 1023; baseline 0 -27"><span class='ocrx_word' id='word_1_26' title='bbox 271 929 452 996; x_wconf 81' lang='lat' dir='ltr'>Concutiat</span> <span class='ocrx_word' id='word_1_27' title='bbox 467 942 595 1016; x_wconf 88' lang='lat' dir='ltr'><strong>motus,</strong></span> <span class='ocrx_word' id='word_1_28' title='bbox 612 929 685 1022; x_wconf 89' lang='lat' dir='ltr'><strong>quis</strong></span> <span class='ocrx_word' id='word_1_29' title='bbox 702 925 833 1023; x_wconf 82' lang='lat' dir='ltr'><strong>lirlgnre</strong></span> <span class='ocrx_word' id='word_1_30' title='bbox 852 926 953 997; x_wconf 84' lang='lat' dir='ltr'><strong>ducet</strong></span> <span class='ocrx_word' id='word_1_31' title='bbox 971 927 1095 1015; x_wconf 80' lang='lat' dir='ltr'><strong>hiatus,</strong></span> 
     </span>
    </p>

    <p class='ocr_par' dir='ltr' id='par_1_5' title="bbox 164 1020 1143 1128">
     <span class='ocr_line' id='line_1_6' title="bbox 164 1020 1143 1128; baseline -0.002 -25"><span class='ocrx_word' id='word_1_32' title='bbox 164 1020 169 1034; x_wconf 73' lang='grc'>’</span> <span class='ocrx_word' id='word_1_33' title='bbox 271 1033 371 1104; x_wconf 86' lang='lat' dir='ltr'><strong>Unde</strong></span> <span class='ocrx_word' id='word_1_34' title='bbox 389 1047 507 1102; x_wconf 90' lang='lat' dir='ltr'><strong>tonent</strong></span> <span class='ocrx_word' id='word_1_35' title='bbox 523 1033 646 1122; x_wconf 88' lang='lat' dir='ltr'><strong>nubes,</strong></span> <span class='ocrx_word' id='word_1_36' title='bbox 667 1058 734 1128; x_wconf 94' lang='lat' dir='ltr'><strong>quo</strong></span> <span class='ocrx_word' id='word_1_37' title='bbox 752 1032 876 1103; x_wconf 90' lang='lat' dir='ltr'><strong>lumine</strong></span> <span class='ocrx_word' id='word_1_38' title='bbox 894 1033 1010 1104; x_wconf 87' lang='lat' dir='ltr'><strong>floreat</strong></span> <span class='ocrx_word' id='word_1_39' title='bbox 1027 1057 1143 1118; x_wconf 83' lang='lat' dir='ltr'><strong>urcus3</strong></span> 
     </span>
    </p>

    <p class='ocr_par' dir='ltr' id='par_1_6' title="bbox 272 1138 1111 1235">
     <span class='ocr_line' id='line_1_7' title="bbox 272 1138 1111 1235; baseline -0.002 -26"><span class='ocrx_word' id='word_1_40' title='bbox 272 1143 352 1209; x_wconf 81' lang='lat' dir='ltr'><strong>Ilaec</strong></span> <span class='ocrx_word' id='word_1_41' title='bbox 371 1139 452 1208; x_wconf 89' lang='lat' dir='ltr'><strong>mihi</strong></span> <span class='ocrx_word' id='word_1_42' title='bbox 474 1141 649 1234; x_wconf 83' lang='lat' dir='ltr'><strong>quaerenti,</strong></span> <span class='ocrx_word' id='word_1_43' title='bbox 668 1143 694 1208; x_wconf 88' lang='lat' dir='ltr'><strong>si</strong></span> <span class='ocrx_word' id='word_1_44' title='bbox 715 1138 796 1235; x_wconf 91' lang='lat' dir='ltr'><strong>quid</strong></span> <span class='ocrx_word' id='word_1_45' title='bbox 816 1139 1019 1235; x_wconf 82' lang='lat' dir='ltr'><strong>deprendere</strong></span> <span class='ocrx_word' id='word_1_46' title='bbox 1040 1139 1111 1207; x_wconf 89' lang='lat' dir='ltr'><strong>veri</strong></span> 
     </span>
    </p>

    <p class='ocr_par' dir='ltr' id='par_1_7' title="bbox 272 1243 1258 1340">
     <span class='ocr_line' id='line_1_8' title="bbox 272 1243 1258 1340; baseline -0.001 -25"><span class='ocrx_word' id='word_1_47' title='bbox 272 1247 370 1315; x_wconf 89' lang='lat' dir='ltr'><strong>Mens</strong></span> <span class='ocrx_word' id='word_1_48' title='bbox 386 1243 488 1328; x_wconf 89' lang='lat' dir='ltr'><strong>valet,</strong></span> <span class='ocrx_word' id='word_1_49' title='bbox 508 1243 668 1340; x_wconf 82' lang='lat' dir='ltr'><strong>expediet.</strong></span> <span class='ocrx_word' id='word_1_50' title='bbox 689 1247 789 1340; x_wconf 80' lang='lat' dir='ltr'><strong>Lapis</strong></span> <span class='ocrx_word' id='word_1_51' title='bbox 811 1260 861 1314; x_wconf 89' lang='lat' dir='ltr'><strong>est</strong></span> <span class='ocrx_word' id='word_1_52' title='bbox 881 1245 1077 1340; x_wconf 82' lang='lat' dir='ltr'><strong>cognomine</strong></span> <span class='ocrx_word' id='word_1_53' title='bbox 1098 1245 1258 1338; x_wconf 78' lang='lat' dir='ltr'><strong>Magnes,</strong></span> 
     </span>
    </p>

    <p class='ocr_par' dir='ltr' id='par_1_8' title="bbox 272 1348 1338 1446">
     <span class='ocr_line' id='line_1_9' title="bbox 272 1348 1338 1446; baseline -0.006 -25"><span class='ocrx_word' id='word_1_54' title='bbox 272 1349 434 1438; x_wconf 85' lang='lat' dir='ltr'><strong>Decolor,</strong></span> <span class='ocrx_word' id='word_1_55' title='bbox 456 1349 634 1438; x_wconf 86' lang='lat' dir='ltr'><strong>obscurus,</strong></span> <span class='ocrx_word' id='word_1_56' title='bbox 646 1348 742 1420; x_wconf 72' lang='lat' dir='ltr'><strong>eills:</strong></span> <span class='ocrx_word' id='word_1_57' title='bbox 761 1377 829 1421; x_wconf 91' lang='lat' dir='ltr'><strong>non</strong></span> <span class='ocrx_word' id='word_1_58' title='bbox 847 1350 900 1420; x_wconf 90' lang='lat' dir='ltr'><strong>ille</strong></span> <span class='ocrx_word' id='word_1_59' title='bbox 919 1375 1072 1446; x_wconf 84' lang='lat' dir='ltr'><strong>repexam</strong></span> <span class='ocrx_word' id='word_1_60' title='bbox 1313 1387 1338 1416; x_wconf 69' lang='grc' dir='ltr'>ω</span> 
     </span>
    </p>

    <p class='ocr_par' dir='ltr' id='par_1_9' title="bbox 273 1455 1104 1552">
     <span class='ocr_line' id='line_1_10' title="bbox 273 1455 1104 1552; baseline 0 -25"><span class='ocrx_word' id='word_1_61' title='bbox 273 1458 449 1527; x_wconf 81' lang='lat' dir='ltr'><strong>Caesariem</strong></span> <span class='ocrx_word' id='word_1_62' title='bbox 468 1481 602 1552; x_wconf 84' lang='lat' dir='ltr'><strong>regum,</strong></span> <span class='ocrx_word' id='word_1_63' title='bbox 621 1481 682 1527; x_wconf 89' lang='lat' dir='ltr'><strong>nec</strong></span> <span class='ocrx_word' id='word_1_64' title='bbox 700 1455 840 1526; x_wconf 82' lang='lat' dir='ltr'><strong>candida</strong></span> <span class='ocrx_word' id='word_1_65' title='bbox 856 1458 991 1552; x_wconf 84' lang='lat' dir='ltr'><strong>virginis</strong></span> <span class='ocrx_word' id='word_1_66' title='bbox 1007 1469 1104 1527; x_wconf 82' lang='lat' dir='ltr'><strong>ornat</strong></span> 
     </span>
    </p>

    <p class='ocr_par' dir='ltr' id='par_1_10' title="bbox 274 1561 1147 1659">
     <span class='ocr_line' id='line_1_11' title="bbox 274 1561 1147 1659; baseline 0 -27"><span class='ocrx_word' id='word_1_67' title='bbox 274 1561 386 1651; x_wconf 82' lang='lat' dir='ltr'><strong>Colla,</strong></span> <span class='ocrx_word' id='word_1_68' title='bbox 403 1587 466 1630; x_wconf 89' lang='lat' dir='ltr'><strong>nec</strong></span> <span class='ocrx_word' id='word_1_69' title='bbox 483 1563 603 1656; x_wconf 83' lang='lat' dir='ltr'><strong>insigni</strong></span> <span class='ocrx_word' id='word_1_70' title='bbox 626 1561 776 1657; x_wconf 86' lang='lat' dir='ltr'><strong>splendet</strong></span> <span class='ocrx_word' id='word_1_71' title='bbox 793 1588 853 1659; x_wconf 90' lang='lat' dir='ltr'><strong>per</strong></span> <span class='ocrx_word' id='word_1_72' title='bbox 871 1561 1001 1658; x_wconf 84' lang='lat' dir='ltr'><strong>cingula</strong></span> <span class='ocrx_word' id='word_1_73' title='bbox 1016 1587 1147 1632; x_wconf 85' lang='lat' dir='ltr'><strong>morsu:</strong></span> 
     </span>
    </p>

    <p class='ocr_par' dir='ltr' id='par_1_11' title="bbox 221 1667 1008 1763">
     <span class='ocr_line' id='line_1_12' title="bbox 221 1667 1008 1763; baseline 0.001 -25"><span class='ocrx_word' id='word_1_74' title='bbox 221 1749 229 1756; x_wconf 88' lang='lat'><strong>.</strong></span> <span class='ocrx_word' id='word_1_75' title='bbox 273 1667 338 1738; x_wconf 89' lang='lat' dir='ltr'><strong>Sed</strong></span> <span class='ocrx_word' id='word_1_76' title='bbox 358 1693 445 1737; x_wconf 83' lang='lat' dir='ltr'><strong>nova</strong></span> <span class='ocrx_word' id='word_1_77' title='bbox 466 1670 493 1737; x_wconf 88' lang='lat' dir='ltr'><strong>si</strong></span> <span class='ocrx_word' id='word_1_78' title='bbox 510 1669 597 1763; x_wconf 84' lang='lat' dir='ltr'><strong>nigri</strong></span> <span class='ocrx_word' id='word_1_79' title='bbox 613 1668 725 1740; x_wconf 82' lang='lat' dir='ltr'><strong>videas</strong></span> <span class='ocrx_word' id='word_1_80' title='bbox 744 1667 902 1740; x_wconf 79' lang='lat' dir='ltr'><strong>miraculo</strong></span> <span class='ocrx_word' id='word_1_81' title='bbox 922 1670 1008 1758; x_wconf 84' lang='lat' dir='ltr'><strong>saxi,</strong></span> 
     </span>
    </p>
   </div>
   <div class='ocr_carea' id='block_1_3' title="bbox 238 1904 1338 4192">
    <p class='ocr_par' dir='ltr' id='par_1_12' title="bbox 274 1904 1335 2219">
     <span class='ocr_line' id='line_1_13' title="bbox 274 1904 1335 1980; baseline 0 -20"><span class='ocrx_word' id='word_1_82' title='bbox 274 1909 359 1962; x_wconf 84' lang='lat' dir='ltr'><strong>cretio</strong></span> <span class='ocrx_word' id='word_1_83' title='bbox 374 1907 490 1979; x_wconf 68' lang='lat' dir='ltr'><strong>possim,</strong></span> <span class='ocrx_word' id='word_1_84' title='bbox 505 1925 566 1979; x_wconf 81' lang='lat' dir='ltr'><strong>qnss</strong></span> <span class='ocrx_word' id='word_1_85' title='bbox 577 1906 707 1962; x_wconf 72' lang='lat' dir='ltr'><strong>elemento</strong></span> <span class='ocrx_word' id='word_1_86' title='bbox 719 1909 783 1962; x_wconf 81' lang='lat' dir='ltr'><strong>sliss</strong></span> <span class='ocrx_word' id='word_1_87' title='bbox 828 1909 903 1962; x_wconf 82' lang='lat' dir='ltr'><strong>focile</strong></span> <span class='ocrx_word' id='word_1_88' title='bbox 918 1908 1025 1980; x_wconf 77' lang='lat' dir='ltr'><strong>fingunt</strong></span> <span class='ocrx_word' id='word_1_89' title='bbox 1043 1907 1093 1961; x_wconf 90' lang='lat' dir='ltr'><strong>sibi</strong></span> <span class='ocrx_word' id='word_1_90' title='bbox 1110 1905 1246 1974; x_wconf 85' lang='lat' dir='ltr'><strong>homines,</strong></span> <span class='ocrx_word' id='word_1_91' title='bbox 1265 1904 1335 1960; x_wconf 86' lang='lat' dir='ltr'><strong>illud</strong></span> 
     </span>
     <span class='ocr_line' id='line_1_14' title="bbox 275 1985 1334 2059; baseline -0.001 -20"><span class='ocrx_word' id='word_1_92' title='bbox 275 1999 388 2052; x_wconf 76' lang='lat' dir='ltr'><strong>vocant,</strong></span> <span class='ocrx_word' id='word_1_93' title='bbox 400 1987 573 2059; x_wconf 72' lang='lat' dir='ltr'><strong>corpusculo,</strong></span> <span class='ocrx_word' id='word_1_94' title='bbox 590 1987 620 2042; x_wconf 89' lang='lat' dir='ltr'><strong>in</strong></span> <span class='ocrx_word' id='word_1_95' title='bbox 633 2006 692 2059; x_wconf 83' lang='lat' dir='ltr'><strong>quse</strong></span> <span class='ocrx_word' id='word_1_96' title='bbox 707 1987 784 2043; x_wconf 85' lang='lat' dir='ltr'><strong>deni·</strong></span> <span class='ocrx_word' id='word_1_97' title='bbox 828 1990 986 2054; x_wconf 71' lang='lat' dir='ltr'><strong>ceruleum,</strong></span> <span class='ocrx_word' id='word_1_98' title='bbox 1004 1985 1077 2059; x_wconf 89' lang='lat' dir='ltr'><strong>quod</strong></span> <span class='ocrx_word' id='word_1_99' title='bbox 1097 2005 1190 2040; x_wconf 86' lang='lat' dir='ltr'><strong>sereno</strong></span> <span class='ocrx_word' id='word_1_100' title='bbox 1209 1987 1275 2040; x_wconf 84' lang='lat' dir='ltr'><strong>ctslo</strong></span> <span class='ocrx_word' id='word_1_101' title='bbox 1293 1987 1334 2040; x_wconf 80' lang='lat' dir='ltr'><strong>vi-</strong></span> 
     </span>
     <span class='ocr_line' id='line_1_15' title="bbox 274 2065 1335 2139; baseline 0.002 -19"><span class='ocrx_word' id='word_1_102' title='bbox 274 2085 328 2139; x_wconf 88' lang='lat' dir='ltr'><strong>qne</strong></span> <span class='ocrx_word' id='word_1_103' title='bbox 351 2085 466 2138; x_wconf 78' lang='lat' dir='ltr'><strong>corpore</strong></span> <span class='ocrx_word' id='word_1_104' title='bbox 491 2067 589 2139; x_wconf 67' lang='lat' dir='ltr'><strong>qnietis</strong></span> <span class='ocrx_word' id='word_1_105' title='bbox 606 2069 783 2121; x_wconf 76' lang='lat' dir='ltr'><strong>resolvantur.</strong></span> <span class='ocrx_word' id='word_1_106' title='bbox 830 2067 941 2131; x_wconf 84' lang='lat' dir='ltr'><strong>demus,</strong></span> <span class='ocrx_word' id='word_1_107' title='bbox 964 2066 1078 2122; x_wconf 88' lang='lat' dir='ltr'><strong>solidum</strong></span> <span class='ocrx_word' id='word_1_108' title='bbox 1110 2065 1237 2138; x_wconf 81' lang='lat' dir='ltr'><strong>quiddam</strong></span> <span class='ocrx_word' id='word_1_109' title='bbox 1261 2083 1335 2134; x_wconf 83' lang='lat' dir='ltr'><strong>esse,</strong></span> 
     </span>
     <span class='ocr_line' id='line_1_16' title="bbox 275 2143 1299 2219; baseline 0 -20"><span class='ocrx_word' id='word_1_110' title='bbox 275 2147 316 2200; x_wconf 82' lang='lat' dir='ltr'><strong>Ne</strong></span> <span class='ocrx_word' id='word_1_111' title='bbox 331 2147 458 2200; x_wconf 87' lang='lat' dir='ltr'><strong>solcscum</strong></span> <span class='ocrx_word' id='word_1_112' title='bbox 472 2147 506 2199; x_wconf 89' lang='lat' dir='ltr'><strong>sit</strong></span> <span class='ocrx_word' id='word_1_113' title='bbox 519 2148 630 2210; x_wconf 82' lang='lat' dir='ltr'><strong>laborat,</strong></span> <span class='ocrx_word' id='word_1_114' title='bbox 642 2148 730 2218; x_wconf 83' lang='lat' dir='ltr'><strong>jobet‚·</strong></span> <span class='ocrx_word' id='word_1_115' title='bbox 742 2148 784 2200; x_wconf 90' lang='lat' dir='ltr'><strong>in·</strong></span> <span class='ocrx_word' id='word_1_116' title='bbox 830 2147 911 2219; x_wconf 85' lang='lat' dir='ltr'><strong>idque</strong></span> <span class='ocrx_word' id='word_1_117' title='bbox 924 2146 991 2200; x_wconf 85' lang='lat' dir='ltr'><strong>findi</strong></span> <span class='ocrx_word' id='word_1_118' title='bbox 1006 2143 1144 2218; x_wconf 89' lang='lat' dir='ltr'><strong>scindique</strong></span> <span class='ocrx_word' id='word_1_119' title='bbox 1156 2167 1171 2199; x_wconf 80' lang='lat' dir='ltr'>a</span> <span class='ocrx_word' id='word_1_120' title='bbox 1186 2147 1299 2218; x_wconf 75' lang='lat' dir='ltr'><strong>fulgure.</strong></span> 
     </span>
    </p>

    <p class='ocr_par' dir='ltr' id='par_1_13' title="bbox 238 2225 1336 2539">
     <span class='ocr_line' id='line_1_17' title="bbox 238 2225 1335 2298; baseline -0.001 -19"><span class='ocrx_word' id='word_1_121' title='bbox 238 2280 243 2288; x_wconf 79' lang='grc'><em>,</em></span> <span class='ocrx_word' id='word_1_122' title='bbox 275 2227 423 2298; x_wconf 75' lang='lat' dir='ltr'><strong>telligamus</strong></span> <span class='ocrx_word' id='word_1_123' title='bbox 439 2225 546 2297; x_wconf 85' lang='lat' dir='ltr'><strong>plenam</strong></span> <span class='ocrx_word' id='word_1_124' title='bbox 568 2226 715 2280; x_wconf 71' lang='lat' dir='ltr'><strong>orationem</strong></span> <span class='ocrx_word' id='word_1_125' title='bbox 735 2228 784 2279; x_wconf 93' lang='lat' dir='ltr'><strong>ob·</strong></span> <span class='ocrx_word' id='word_1_126' title='bbox 870 2230 895 2282; x_wconf 84' lang='lat'><strong>8.</strong></span> <span class='ocrx_word' id='word_1_127' title='bbox 922 2227 1023 2279; x_wconf 81' lang='lat' dir='ltr'><strong>Floreat</strong></span> <span class='ocrx_word' id='word_1_128' title='bbox 1049 2227 1162 2298; x_wconf 83' lang='lat' dir='ltr'><strong>pulchre</strong></span> <span class='ocrx_word' id='word_1_129' title='bbox 1180 2227 1335 2280; x_wconf 77' lang='lat' dir='ltr'><strong>varietatem</strong></span> 
     </span>
     <span class='ocr_line' id='line_1_18' title="bbox 273 2303 1335 2379; baseline -0.001 -20"><span class='ocrx_word' id='word_1_130' title='bbox 273 2318 403 2360; x_wconf 77' lang='lat' dir='ltr'><strong>versrtrm</strong></span> <span class='ocrx_word' id='word_1_131' title='bbox 417 2305 505 2358; x_wconf 65' lang='lat' dir='ltr'><strong>Poeta</strong></span> <span class='ocrx_word' id='word_1_132' title='bbox 518 2307 602 2369; x_wconf 80' lang='lat' dir='ltr'><strong>bano,</strong></span> <span class='ocrx_word' id='word_1_133' title='bbox 618 2309 720 2358; x_wconf 77' lang='lat' dir='ltr'><strong>rimatur</strong></span> <span class='ocrx_word' id='word_1_134' title='bbox 737 2304 783 2359; x_wconf 87' lang='lat' dir='ltr'><strong>de·</strong></span> <span class='ocrx_word' id='word_1_135' title='bbox 829 2307 947 2360; x_wconf 87' lang='lat' dir='ltr'><strong>colorum</strong></span> <span class='ocrx_word' id='word_1_136' title='bbox 965 2303 1045 2360; x_wconf 88' lang='lat' dir='ltr'><strong>Iridis</strong></span> <span class='ocrx_word' id='word_1_137' title='bbox 1057 2306 1228 2379; x_wconf 77' lang='lat' dir='ltr'><strong>vigoremque</strong></span> <span class='ocrx_word' id='word_1_138' title='bbox 1244 2307 1335 2378; x_wconf 87' lang='lat' dir='ltr'><strong>expri-</strong></span> 
     </span>
     <span class='ocr_line' id='line_1_19' title="bbox 274 2385 1336 2458; baseline 0.003 -21"><span class='ocrx_word' id='word_1_139' title='bbox 274 2385 394 2449; x_wconf 85' lang='lat' dir='ltr'><strong>Iectutn,</strong></span> <span class='ocrx_word' id='word_1_140' title='bbox 414 2403 461 2457; x_wconf 84' lang='lat' dir='ltr'><strong>quo</strong></span> <span class='ocrx_word' id='word_1_141' title='bbox 476 2386 568 2453; x_wconf 80' lang='lat' dir='ltr'><strong>desecto</strong></span> <span class='ocrx_word' id='word_1_142' title='bbox 585 2385 680 2437; x_wconf 78' lang='lat' dir='ltr'><strong>loborat</strong></span> <span class='ocrx_word' id='word_1_143' title='bbox 694 2387 765 2437; x_wconf 83' lang='lat' dir='ltr'><strong>Luna</strong></span> <span class='ocrx_word' id='word_1_144' title='bbox 773 2426 782 2452; x_wconf 90' lang='lat'><strong>,</strong></span> <span class='ocrx_word' id='word_1_145' title='bbox 828 2387 885 2438; x_wconf 86' lang='lat' dir='ltr'><strong>mit.</strong></span> <span class='ocrx_word' id='word_1_146' title='bbox 899 2385 956 2439; x_wconf 85' lang='lat' dir='ltr'><strong>Hoc</strong></span> <span class='ocrx_word' id='word_1_147' title='bbox 967 2403 1050 2458; x_wconf 73' lang='lat' dir='ltr'><strong>genus</strong></span> <span class='ocrx_word' id='word_1_148' title='bbox 1065 2387 1220 2457; x_wconf 72' lang='lat' dir='ltr'><strong>questiones</strong></span> <span class='ocrx_word' id='word_1_149' title='bbox 1231 2398 1336 2440; x_wconf 81' lang='lat' dir='ltr'><strong>acerrtt</strong></span> 
     </span>
     <span class='ocr_line' id='line_1_20' title="bbox 276 2463 1336 2539; baseline -0.001 -21"><span class='ocrx_word' id='word_1_150' title='bbox 276 2479 325 2520; x_wconf 87' lang='lat' dir='ltr'><strong>etc.</strong></span> <span class='ocrx_word' id='word_1_151' title='bbox 336 2464 441 2517; x_wconf 84' lang='lat' dir='ltr'><strong>Deinde</strong></span> <span class='ocrx_word' id='word_1_152' title='bbox 451 2466 573 2518; x_wconf 82' lang='lat' dir='ltr'><strong>undesint</strong></span> <span class='ocrx_word' id='word_1_153' title='bbox 584 2464 728 2518; x_wconf 81' lang='lat' dir='ltr'><strong>rubescentes</strong></span> <span class='ocrx_word' id='word_1_154' title='bbox 734 2467 782 2519; x_wconf 88' lang='lat' dir='ltr'><strong>rel.</strong></span> <span class='ocrx_word' id='word_1_155' title='bbox 828 2478 854 2519; x_wconf 90' lang='lat' dir='ltr'><strong>et</strong></span> <span class='ocrx_word' id='word_1_156' title='bbox 864 2466 1006 2539; x_wconf 86' lang='lat' dir='ltr'><strong>proponit,</strong></span> <span class='ocrx_word' id='word_1_157' title='bbox 1020 2464 1065 2519; x_wconf 85' lang='lat' dir='ltr'><strong>sed</strong></span> <span class='ocrx_word' id='word_1_158' title='bbox 1074 2466 1158 2520; x_wconf 89' lang='lat' dir='ltr'><strong>multo</strong></span> <span class='ocrx_word' id='word_1_159' title='bbox 1174 2469 1273 2536; x_wconf 76' lang='lat' dir='ltr'><strong>majore</strong></span> <span class='ocrx_word' id='word_1_160' title='bbox 1286 2463 1336 2518; x_wconf 88' lang='lat' dir='ltr'><strong>do-</strong></span> 
     </span>
    </p>

    <p class='ocr_par' dir='ltr' id='par_1_14' title="bbox 273 2544 1336 3253">
     <span class='ocr_line' id='line_1_21' title="bbox 315 2544 1335 2619; baseline 0 -22"><span class='ocrx_word' id='word_1_161' title='bbox 315 2546 340 2597; x_wconf 79' lang='lat'><strong>3.</strong></span> <span class='ocrx_word' id='word_1_162' title='bbox 353 2546 393 2597; x_wconf 87' lang='lat' dir='ltr'><strong>De</strong></span> <span class='ocrx_word' id='word_1_163' title='bbox 413 2544 483 2599; x_wconf 85' lang='lat' dir='ltr'><strong>Solis</strong></span> <span class='ocrx_word' id='word_1_164' title='bbox 501 2544 609 2598; x_wconf 83' lang='lat' dir='ltr'><strong>delectu</strong></span> <span class='ocrx_word' id='word_1_165' title='bbox 627 2546 670 2599; x_wconf 84' lang='lat' dir='ltr'><strong>rel</strong></span> <span class='ocrx_word' id='word_1_166' title='bbox 691 2544 783 2616; x_wconf 85' lang='lat' dir='ltr'><strong>eclipsi</strong></span> <span class='ocrx_word' id='word_1_167' title='bbox 828 2546 919 2599; x_wconf 74' lang='lat' dir='ltr'><strong>ctrinn</strong></span> <span class='ocrx_word' id='word_1_168' title='bbox 934 2546 1079 2599; x_wconf 82' lang='lat' dir='ltr'><strong>subtilioris</strong></span> <span class='ocrx_word' id='word_1_169' title='bbox 1094 2558 1221 2619; x_wconf 76' lang='lat' dir='ltr'><strong>uppsrstu</strong></span> <span class='ocrx_word' id='word_1_170' title='bbox 1238 2545 1267 2597; x_wconf 92' lang='lat' dir='ltr'><strong>in</strong></span> <span class='ocrx_word' id='word_1_171' title='bbox 1286 2564 1335 2598; x_wconf 90' lang='lat' dir='ltr'><strong>sno</strong></span> 
     </span>
     <span class='ocr_line' id='line_1_22' title="bbox 273 2622 1335 2697; baseline 0 -20"><span class='ocrx_word' id='word_1_172' title='bbox 273 2624 424 2697; x_wconf 87' lang='lat' dir='ltr'><strong>loquitur:</strong></span> <span class='ocrx_word' id='word_1_173' title='bbox 450 2642 610 2696; x_wconf 75' lang='lat' dir='ltr'><strong>quemquam</strong></span> <span class='ocrx_word' id='word_1_174' title='bbox 639 2642 689 2677; x_wconf 84' lang='lat' dir='ltr'><strong>nec</strong></span> <span class='ocrx_word' id='word_1_175' title='bbox 715 2622 783 2677; x_wconf 91' lang='lat' dir='ltr'><strong>illud</strong></span> <span class='ocrx_word' id='word_1_176' title='bbox 827 2625 933 2691; x_wconf 82' lang='lat' dir='ltr'><strong>Mallio,</strong></span> <span class='ocrx_word' id='word_1_177' title='bbox 947 2626 1044 2691; x_wconf 85' lang='lat' dir='ltr'><strong>XVII,</strong></span> <span class='ocrx_word' id='word_1_178' title='bbox 1061 2644 1122 2679; x_wconf 87' lang='lat'><strong>100.</strong></span> <span class='ocrx_word' id='word_1_179' title='bbox 1137 2624 1272 2679; x_wconf 71' lang='lat' dir='ltr'><strong>Sententia</strong></span> <span class='ocrx_word' id='word_1_180' title='bbox 1288 2643 1335 2677; x_wconf 77' lang='lat' dir='ltr'><strong>tn-</strong></span> 
     </span>
     <span class='ocr_line' id='line_1_23' title="bbox 274 2701 1336 2778; baseline 0.001 -21"><span class='ocrx_word' id='word_1_181' title='bbox 274 2701 427 2757; x_wconf 82' lang='lat' dir='ltr'><strong>insnditnm</strong></span> <span class='ocrx_word' id='word_1_182' title='bbox 455 2704 592 2775; x_wconf 77' lang='lat' dir='ltr'><strong>antiquis,</strong></span> <span class='ocrx_word' id='word_1_183' title='bbox 614 2722 664 2757; x_wconf 88' lang='lat' dir='ltr'><strong>nec</strong></span> <span class='ocrx_word' id='word_1_184' title='bbox 693 2716 784 2757; x_wconf 86' lang='lat' dir='ltr'><strong>nostra</strong></span> <span class='ocrx_word' id='word_1_185' title='bbox 828 2718 881 2758; x_wconf 85' lang='lat' dir='ltr'><strong>tem</strong></span> <span class='ocrx_word' id='word_1_186' title='bbox 896 2704 952 2759; x_wconf 75' lang='lat' dir='ltr'><strong>hec</strong></span> <span class='ocrx_word' id='word_1_187' title='bbox 965 2718 1018 2759; x_wconf 87' lang='lat' dir='ltr'><strong>est:</strong></span> <span class='ocrx_word' id='word_1_188' title='bbox 1032 2706 1080 2778; x_wconf 91' lang='lat' dir='ltr'><strong>qui</strong></span> <span class='ocrx_word' id='word_1_189' title='bbox 1093 2704 1218 2759; x_wconf 78' lang='lat' dir='ltr'><strong>miracula</strong></span> <span class='ocrx_word' id='word_1_190' title='bbox 1234 2717 1336 2759; x_wconf 83' lang='lat' dir='ltr'><strong>nntnrts</strong></span> 
     </span>
     <span class='ocr_line' id='line_1_24' title="bbox 276 2781 1335 2850; baseline 0.002 -15"><span class='ocrx_word' id='word_1_191' title='bbox 276 2795 351 2835; x_wconf 70' lang='lat' dir='ltr'><strong>utute</strong></span> <span class='ocrx_word' id='word_1_192' title='bbox 381 2781 599 2850; x_wconf 84' lang='lat' dir='ltr'><strong>plrssnnmenon,</strong></span> <span class='ocrx_word' id='word_1_193' title='bbox 622 2782 688 2835; x_wconf 85' lang='lat' dir='ltr'><strong>Solis</strong></span> <span class='ocrx_word' id='word_1_194' title='bbox 709 2784 782 2835; x_wconf 84' lang='lat' dir='ltr'><strong>velut</strong></span> <span class='ocrx_word' id='word_1_195' title='bbox 828 2784 938 2837; x_wconf 74' lang='lat' dir='ltr'><strong>celestia</strong></span> <span class='ocrx_word' id='word_1_196' title='bbox 952 2796 977 2837; x_wconf 87' lang='lat' dir='ltr'><strong>et</strong></span> <span class='ocrx_word' id='word_1_197' title='bbox 996 2786 1080 2837; x_wconf 84' lang='lat' dir='ltr'><strong>totum</strong></span> <span class='ocrx_word' id='word_1_198' title='bbox 1096 2785 1187 2838; x_wconf 89' lang='lat' dir='ltr'><strong>orbem</strong></span> <span class='ocrx_word' id='word_1_199' title='bbox 1204 2796 1335 2837; x_wconf 81' lang='lat' dir='ltr'><strong>terrerum</strong></span> 
     </span>
     <span class='ocr_line' id='line_1_25' title="bbox 276 2860 1336 2931; baseline 0.004 -18"><span class='ocrx_word' id='word_1_200' title='bbox 276 2861 479 2931; x_wconf 81' lang='lat' dir='ltr'><strong>expallescentis.</strong></span> <span class='ocrx_word' id='word_1_201' title='bbox 493 2862 560 2913; x_wconf 91' lang='lat' dir='ltr'><strong>Plin.</strong></span> <span class='ocrx_word' id='word_1_202' title='bbox 571 2862 637 2926; x_wconf 86' lang='lat' dir='ltr'><strong>XX,</strong></span> <span class='ocrx_word' id='word_1_203' title='bbox 652 2860 696 2926; x_wconf 84' lang='lat'><strong>30,</strong></span> <span class='ocrx_word' id='word_1_204' title='bbox 707 2862 785 2915; x_wconf 80' lang='lat' dir='ltr'><strong>Fiunt</strong></span> <span class='ocrx_word' id='word_1_205' title='bbox 828 2864 967 2917; x_wconf 78' lang='lat' dir='ltr'><strong>afficientia</strong></span> <span class='ocrx_word' id='word_1_206' title='bbox 982 2864 1113 2917; x_wconf 79' lang='lat' dir='ltr'><strong>rimantur</strong></span> <span class='ocrx_word' id='word_1_207' title='bbox 1123 2904 1131 2929; x_wconf 90' lang='lat'><strong>,</strong></span> <span class='ocrx_word' id='word_1_208' title='bbox 1141 2865 1181 2917; x_wconf 94' lang='lat' dir='ltr'><strong>illi</strong></span> <span class='ocrx_word' id='word_1_209' title='bbox 1194 2864 1261 2917; x_wconf 89' lang='lat' dir='ltr'><strong>mihi</strong></span> <span class='ocrx_word' id='word_1_210' title='bbox 1277 2883 1336 2917; x_wconf 84' lang='lat' dir='ltr'><strong>rem</strong></span> 
     </span>
     <span class='ocr_line' id='line_1_26' title="bbox 273 2940 1336 3015; baseline 0.008 -26"><span class='ocrx_word' id='word_1_211' title='bbox 273 2940 409 3011; x_wconf 68' lang='lat' dir='ltr'><strong>prodigiosi</strong></span> <span class='ocrx_word' id='word_1_212' title='bbox 420 2952 446 2990; x_wconf 82' lang='lat' dir='ltr'><strong>et</strong></span> <span class='ocrx_word' id='word_1_213' title='bbox 459 2940 578 3009; x_wconf 70' lang='lat' dir='ltr'><strong>longiores</strong></span> <span class='ocrx_word' id='word_1_214' title='bbox 589 2940 647 2991; x_wconf 81' lang='lat' dir='ltr'><strong>solis</strong></span> <span class='ocrx_word' id='word_1_215' title='bbox 656 2940 782 3007; x_wconf 81' lang='lat' dir='ltr'><strong>desectus:</strong></span> <span class='ocrx_word' id='word_1_216' title='bbox 829 2962 937 3014; x_wconf 75' lang='lat' dir='ltr'><strong>parvum</strong></span> <span class='ocrx_word' id='word_1_217' title='bbox 952 2956 978 2996; x_wconf 90' lang='lat' dir='ltr'><strong>et</strong></span> <span class='ocrx_word' id='word_1_218' title='bbox 993 2944 1080 2996; x_wconf 83' lang='lat' dir='ltr'><strong>sensui</strong></span> <span class='ocrx_word' id='word_1_219' title='bbox 1093 2946 1236 3015; x_wconf 79' lang='lat' dir='ltr'><strong>expositum</strong></span> <span class='ocrx_word' id='word_1_220' title='bbox 1251 2944 1336 3015; x_wconf 82' lang='lat' dir='ltr'><strong>expli·</strong></span> 
     </span>
     <span class='ocr_line' id='line_1_27' title="bbox 276 3018 1336 3096; baseline 0.004 -23"><span class='ocrx_word' id='word_1_221' title='bbox 276 3020 355 3092; x_wconf 78' lang='lat' dir='ltr'><strong>qualit</strong></span> <span class='ocrx_word' id='word_1_222' title='bbox 368 3021 446 3071; x_wconf 73' lang='lat' dir='ltr'><strong>occiso</strong></span> <span class='ocrx_word' id='word_1_223' title='bbox 458 3019 575 3071; x_wconf 79' lang='lat' dir='ltr'><strong>dictatore</strong></span> <span class='ocrx_word' id='word_1_224' title='bbox 589 3018 719 3071; x_wconf 73' lang='lat' dir='ltr'><strong>Coesorest</strong></span> <span class='ocrx_word' id='word_1_225' title='bbox 728 3022 782 3074; x_wconf 85' lang='lat' dir='ltr'><strong>Ars-</strong></span> <span class='ocrx_word' id='word_1_226' title='bbox 829 3036 904 3076; x_wconf 80' lang='lat' dir='ltr'><strong>cont:</strong></span> <span class='ocrx_word' id='word_1_227' title='bbox 918 3035 949 3075; x_wconf 86' lang='lat' dir='ltr'><strong>ut</strong></span> <span class='ocrx_word' id='word_1_228' title='bbox 960 3022 1038 3075; x_wconf 88' lang='lat' dir='ltr'><strong>simul</strong></span> <span class='ocrx_word' id='word_1_229' title='bbox 1053 3020 1140 3076; x_wconf 76' lang='lat' dir='ltr'><strong>rideat</strong></span> <span class='ocrx_word' id='word_1_230' title='bbox 1151 3042 1211 3091; x_wconf 85' lang='lat' dir='ltr'><strong>eos,</strong></span> <span class='ocrx_word' id='word_1_231' title='bbox 1221 3024 1266 3096; x_wconf 92' lang='lat' dir='ltr'><strong>qui</strong></span> <span class='ocrx_word' id='word_1_232' title='bbox 1280 3022 1336 3077; x_wconf 70' lang='lat' dir='ltr'><strong>coli</strong></span> 
     </span>
     <span class='ocr_line' id='line_1_28' title="bbox 277 3098 1336 3174; baseline 0.004 -23"><span class='ocrx_word' id='word_1_233' title='bbox 277 3098 780 3170; x_wconf 66' lang='lat' dir='ltr'><strong>somtetto‚10euspoeo0mtpac</strong></span> <span class='ocrx_word' id='word_1_234' title='bbox 829 3115 979 3156; x_wconf 84' lang='lat' dir='ltr'><strong>scrutantur</strong></span> <span class='ocrx_word' id='word_1_235' title='bbox 1000 3103 1108 3173; x_wconf 73' lang='lat' dir='ltr'><strong>plagas,</strong></span> <span class='ocrx_word' id='word_1_236' title='bbox 1138 3116 1165 3156; x_wconf 87' lang='lat' dir='ltr'><strong>et</strong></span> <span class='ocrx_word' id='word_1_237' title='bbox 1192 3120 1251 3174; x_wconf 73' lang='lat' dir='ltr'><strong>qun</strong></span> <span class='ocrx_word' id='word_1_238' title='bbox 1274 3114 1336 3155; x_wconf 71' lang='lat' dir='ltr'><strong>ante</strong></span> 
     </span>
     <span class='ocr_line' id='line_1_29' title="bbox 275 3180 1143 3253; baseline 0.002 -21"><span class='ocrx_word' id='word_1_239' title='bbox 275 3181 326 3232; x_wconf 82' lang='lat' dir='ltr'><strong>lore</strong></span> <span class='ocrx_word' id='word_1_240' title='bbox 335 3183 455 3232; x_wconf 69' lang='lat' dir='ltr'><strong>minuc.</strong></span> <span class='ocrx_word' id='word_1_241' title='bbox 827 3182 908 3253; x_wconf 87' lang='lat' dir='ltr'><strong>pedes</strong></span> <span class='ocrx_word' id='word_1_242' title='bbox 922 3194 999 3245; x_wconf 88' lang='lat' dir='ltr'><strong>sunt,</strong></span> <span class='ocrx_word' id='word_1_243' title='bbox 1010 3180 1143 3252; x_wconf 78' lang='lat' dir='ltr'><strong>ignorent.</strong></span> 
     </span>
    </p>

    <p class='ocr_par' dir='ltr' id='par_1_15' title="bbox 274 3257 1337 3568">
     <span class='ocr_line' id='line_1_30' title="bbox 318 3257 1335 3332; baseline 0.003 -21"><span class='ocrx_word' id='word_1_244' title='bbox 318 3266 344 3322; x_wconf 75' lang='grc'><strong>4.</strong></span> <span class='ocrx_word' id='word_1_245' title='bbox 359 3259 475 3329; x_wconf 76' lang='lat' dir='ltr'><strong>Antiqua</strong></span> <span class='ocrx_word' id='word_1_246' title='bbox 495 3257 649 3329; x_wconf 76' lang='lat' dir='ltr'><strong>superstitio</strong></span> <span class='ocrx_word' id='word_1_247' title='bbox 666 3277 781 3313; x_wconf 85' lang='lat' dir='ltr'><strong>ncome·</strong></span> <span class='ocrx_word' id='word_1_248' title='bbox 867 3262 1276 3332; x_wconf 60' lang='lat' dir='ltr'><strong>9.Magnsscofflomirse.Lucret.</strong></span> <span class='ocrx_word' id='word_1_249' title='bbox 1286 3261 1335 3314; x_wconf 90' lang='lat' dir='ltr'><strong>l.c.</strong></span> 
     </span>
     <span class='ocr_line' id='line_1_31' title="bbox 276 3336 1337 3409; baseline 0.008 -20"><span class='ocrx_word' id='word_1_250' title='bbox 276 3336 310 3393; x_wconf 71' lang='lat' dir='ltr'><strong>Iit</strong></span> <span class='ocrx_word' id='word_1_251' title='bbox 330 3336 382 3390; x_wconf 68' lang='lat' dir='ltr'><strong>eibi</strong></span> <span class='ocrx_word' id='word_1_252' title='bbox 404 3337 509 3407; x_wconf 62' lang='lat' dir='ltr'><strong>publica</strong></span> <span class='ocrx_word' id='word_1_253' title='bbox 537 3337 605 3389; x_wconf 65' lang='lat' dir='ltr'><strong>mila</strong></span> <span class='ocrx_word' id='word_1_254' title='bbox 627 3338 781 3392; x_wconf 60' lang='lat' dir='ltr'><strong>metuebat:</strong></span> <span class='ocrx_word' id='word_1_255' title='bbox 825 3356 1171 3409; x_wconf 74' lang='lat' dir='ltr'><strong>Qusransqnetuocnntpntt-iorls</strong></span> <span class='ocrx_word' id='word_1_256' title='bbox 1184 3354 1337 3405; x_wconf 57' lang='lat' dir='ltr'><strong>neonem,</strong></span> 
     </span>
     <span class='ocr_line' id='line_1_32' title="bbox 274 3414 1303 3488; baseline -0.005 -19"><span class='ocrx_word' id='word_1_257' title='bbox 274 3414 338 3469; x_wconf 76' lang='lat' dir='ltr'><strong>I&#39;tlnc</strong></span> <span class='ocrx_word' id='word_1_258' title='bbox 348 3416 436 3483; x_wconf 72' lang='lat' dir='ltr'><strong>seruiit</strong></span> <span class='ocrx_word' id='word_1_259' title='bbox 450 3418 521 3467; x_wconf 69' lang='lat' dir='ltr'><strong>crinis</strong></span> <span class='ocrx_word' id='word_1_260' title='bbox 529 3449 538 3474; x_wconf 80' lang='lat'>‚</span> <span class='ocrx_word' id='word_1_261' title='bbox 555 3416 681 3468; x_wconf 77' lang='lat' dir='ltr'><strong>mortium</strong></span> <span class='ocrx_word' id='word_1_262' title='bbox 695 3436 725 3469; x_wconf 77' lang='lat' dir='ltr'><strong>ac</strong></span> <span class='ocrx_word' id='word_1_263' title='bbox 736 3436 783 3488; x_wconf 78' lang='lat' dir='ltr'><strong>pe·</strong></span> <span class='ocrx_word' id='word_1_264' title='bbox 826 3426 941 3478; x_wconf 67' lang='lat' dir='ltr'><strong>linguatum</strong></span> <span class='ocrx_word' id='word_1_265' title='bbox 952 3426 998 3477; x_wconf 80' lang='lat' dir='ltr'><strong>quir</strong></span> <span class='ocrx_word' id='word_1_266' title='bbox 1009 3426 1035 3463; x_wconf 85' lang='lat' dir='ltr'><strong>sit</strong></span> <span class='ocrx_word' id='word_1_267' title='bbox 1043 3426 1112 3477; x_wconf 81' lang='lat' dir='ltr'><strong>pstriis</strong></span> <span class='ocrx_word' id='word_1_268' title='bbox 1123 3425 1144 3463; x_wconf 79' lang='lat' dir='ltr'><strong>in</strong></span> <span class='ocrx_word' id='word_1_269' title='bbox 1158 3423 1230 3463; x_wconf 74' lang='lat' dir='ltr'><strong>finibus</strong></span> <span class='ocrx_word' id='word_1_270' title='bbox 1241 3434 1303 3465; x_wconf 81' lang='lat' dir='ltr'><strong>ottus.</strong></span> 
     </span>
     <span class='ocr_line' id='line_1_33' title="bbox 274 3494 1336 3568; baseline 0.003 -20"><span class='ocrx_word' id='word_1_271' title='bbox 274 3494 396 3549; x_wconf 79' lang='lat' dir='ltr'><strong>stilentioe</strong></span> <span class='ocrx_word' id='word_1_272' title='bbox 410 3494 530 3547; x_wconf 85' lang='lat' dir='ltr'><strong>nuntius.</strong></span> <span class='ocrx_word' id='word_1_273' title='bbox 868 3497 1015 3567; x_wconf 59' lang='lat' dir='ltr'><strong>rodopa«</strong></span> <span class='ocrx_word' id='word_1_274' title='bbox 1027 3496 1158 3557; x_wconf 79' lang='lat' dir='ltr'><strong>Coesories,</strong></span> <span class='ocrx_word' id='word_1_275' title='bbox 1171 3507 1244 3550; x_wconf 81' lang='lat' dir='ltr'><strong>retro</strong></span> <span class='ocrx_word' id='word_1_276' title='bbox 1255 3516 1336 3568; x_wconf 80' lang='lat' dir='ltr'><strong>pen.</strong></span> 
     </span>
    </p>

    <p class='ocr_par' dir='ltr' id='par_1_16' title="bbox 268 3571 1338 3945">
     <span class='ocr_line' id='line_1_34' title="bbox 315 3571 1338 3653; baseline 0.001 -25"><span class='ocrx_word' id='word_1_277' title='bbox 315 3574 342 3629; x_wconf 76' lang='lat'><strong>5.</strong></span> <span class='ocrx_word' id='word_1_278' title='bbox 352 3575 440 3629; x_wconf 78' lang='lat' dir='ltr'><strong>Fluere</strong></span> <span class='ocrx_word' id='word_1_279' title='bbox 451 3573 562 3645; x_wconf 82' lang='lat' dir='ltr'><strong>pulchre</strong></span> <span class='ocrx_word' id='word_1_280' title='bbox 574 3571 702 3627; x_wconf 88' lang='lat' dir='ltr'><strong>dicuntur</strong></span> <span class='ocrx_word' id='word_1_281' title='bbox 716 3594 781 3627; x_wconf 86' lang='lat' dir='ltr'><strong>ron·</strong></span> <span class='ocrx_word' id='word_1_282' title='bbox 824 3596 859 3653; x_wconf 73' lang='lat' dir='ltr'><strong>ne</strong></span> <span class='ocrx_word' id='word_1_283' title='bbox 869 3578 981 3629; x_wconf 88' lang='lat' dir='ltr'><strong>Irontem</strong></span> <span class='ocrx_word' id='word_1_284' title='bbox 990 3575 1070 3628; x_wconf 87' lang='lat' dir='ltr'><strong>nimis</strong></span> <span class='ocrx_word' id='word_1_285' title='bbox 1079 3577 1210 3642; x_wconf 86' lang='lat' dir='ltr'><strong>occultet,</strong></span> <span class='ocrx_word' id='word_1_286' title='bbox 1222 3589 1338 3647; x_wconf 77' lang='lat' dir='ltr'><strong>sntpro·</strong></span> 
     </span>
     <span class='ocr_line' id='line_1_35' title="bbox 275 3652 1336 3726; baseline 0.003 -19"><span class='ocrx_word' id='word_1_287' title='bbox 275 3654 309 3721; x_wconf 82' lang='lat' dir='ltr'><strong>ti;</strong></span> <span class='ocrx_word' id='word_1_288' title='bbox 322 3652 437 3709; x_wconf 83' lang='lat' dir='ltr'><strong>fluidum</strong></span> <span class='ocrx_word' id='word_1_289' title='bbox 448 3653 520 3706; x_wconf 83' lang='lat' dir='ltr'><strong>enim</strong></span> <span class='ocrx_word' id='word_1_290' title='bbox 535 3671 579 3705; x_wconf 83' lang='lat' dir='ltr'><strong>ter</strong></span> <span class='ocrx_word' id='word_1_291' title='bbox 596 3654 638 3705; x_wconf 83' lang='lat' dir='ltr'><strong>rel</strong></span> <span class='ocrx_word' id='word_1_292' title='bbox 653 3654 781 3719; x_wconf 82' lang='lat' dir='ltr'><strong>maxime,</strong></span> <span class='ocrx_word' id='word_1_293' title='bbox 825 3668 941 3725; x_wconf 83' lang='lat' dir='ltr'><strong>spectum</strong></span> <span class='ocrx_word' id='word_1_294' title='bbox 964 3652 1031 3709; x_wconf 81' lang='lat' dir='ltr'><strong>adeo</strong></span> <span class='ocrx_word' id='word_1_295' title='bbox 1051 3653 1185 3726; x_wconf 79' lang='lat' dir='ltr'><strong>impediet.</strong></span> <span class='ocrx_word' id='word_1_296' title='bbox 1209 3654 1336 3709; x_wconf 76' lang='lat' dir='ltr'><strong>Diodorus</strong></span> 
     </span>
     <span class='ocr_line' id='line_1_36' title="bbox 268 3731 1335 3805; baseline 0.001 -19"><span class='ocrx_word' id='word_1_297' title='bbox 268 3736 349 3803; x_wconf 74' lang='lat' dir='ltr'><strong>flore,</strong></span> <span class='ocrx_word' id='word_1_298' title='bbox 358 3735 452 3805; x_wconf 74' lang='lat' dir='ltr'><strong>fluere,</strong></span> <span class='ocrx_word' id='word_1_299' title='bbox 455 3733 568 3805; x_wconf 75' lang='lat' dir='ltr'><strong>flagrare</strong></span> <span class='ocrx_word' id='word_1_300' title='bbox 578 3746 688 3802; x_wconf 74' lang='lat' dir='ltr'><strong>cognata</strong></span> <span class='ocrx_word' id='word_1_301' title='bbox 701 3735 781 3785; x_wconf 82' lang='lat' dir='ltr'><strong>verbu</strong></span> <span class='ocrx_word' id='word_1_302' title='bbox 824 3733 869 3787; x_wconf 90' lang='lat' dir='ltr'><strong>hic</strong></span> <span class='ocrx_word' id='word_1_303' title='bbox 881 3733 1038 3787; x_wconf 84' lang='lat' dir='ltr'><strong>describitur</strong></span> <span class='ocrx_word' id='word_1_304' title='bbox 1045 3734 1154 3804; x_wconf 76' lang='lat' dir='ltr'><strong>gemmis</strong></span> <span class='ocrx_word' id='word_1_305' title='bbox 1163 3731 1335 3799; x_wconf 84' lang='lat' dir='ltr'><strong>distinctum,</strong></span> 
     </span>
     <span class='ocr_line' id='line_1_37' title="bbox 276 3811 1336 3886; baseline 0.004 -23"><span class='ocrx_word' id='word_1_306' title='bbox 276 3830 292 3863; x_wconf 86' lang='lat' dir='ltr'><strong>e</strong></span> <span class='ocrx_word' id='word_1_307' title='bbox 311 3832 376 3867; x_wconf 88' lang='lat' dir='ltr'><strong>sono</strong></span> <span class='ocrx_word' id='word_1_308' title='bbox 394 3811 482 3879; x_wconf 84' lang='lat' dir='ltr'><strong>renti,</strong></span> <span class='ocrx_word' id='word_1_309' title='bbox 504 3831 652 3886; x_wconf 78' lang='lat' dir='ltr'><strong>aquarum,</strong></span> <span class='ocrx_word' id='word_1_310' title='bbox 669 3811 781 3866; x_wconf 77' lang='lat' dir='ltr'><strong>lisinmss</strong></span> <span class='ocrx_word' id='word_1_311' title='bbox 824 3816 899 3885; x_wconf 84' lang='lat' dir='ltr'><strong>cujus</strong></span> <span class='ocrx_word' id='word_1_312' title='bbox 917 3830 968 3884; x_wconf 88' lang='lat' dir='ltr'><strong>ope</strong></span> <span class='ocrx_word' id='word_1_313' title='bbox 987 3824 1059 3864; x_wconf 79' lang='lat' dir='ltr'><strong>reno</strong></span> <span class='ocrx_word' id='word_1_314' title='bbox 1077 3812 1128 3864; x_wconf 74' lang='lat' dir='ltr'><strong>acti</strong></span> <span class='ocrx_word' id='word_1_315' title='bbox 1144 3814 1232 3867; x_wconf 83' lang='lat' dir='ltr'><strong>crines</strong></span> <span class='ocrx_word' id='word_1_316' title='bbox 1250 3814 1336 3867; x_wconf 88' lang='lat' dir='ltr'><strong>conti·</strong></span> 
     </span>
     <span class='ocr_line' id='line_1_38' title="bbox 276 3887 933 3945; baseline 0.002 -3"><span class='ocrx_word' id='word_1_317' title='bbox 276 3887 368 3945; x_wconf 81' lang='lat' dir='ltr'><strong>ductu.</strong></span> <span class='ocrx_word' id='word_1_318' title='bbox 824 3905 933 3945; x_wconf 85' lang='lat' dir='ltr'><strong>nerrtnr.</strong></span> 
     </span>
    </p>

    <p class='ocr_par' dir='ltr' id='par_1_17' title="bbox 275 3967 1336 4192">
     <span class='ocr_line' id='line_1_39' title="bbox 317 3967 1336 4042; baseline 0.001 -18"><span class='ocrx_word' id='word_1_319' title='bbox 317 3972 344 4024; x_wconf 83' lang='lat'><strong>6.</strong></span> <span class='ocrx_word' id='word_1_320' title='bbox 358 3970 449 4023; x_wconf 74' lang='lat' dir='ltr'><strong>Histro</strong></span> <span class='ocrx_word' id='word_1_321' title='bbox 461 3970 552 4025; x_wconf 75' lang='lat' dir='ltr'><strong>erdem</strong></span> <span class='ocrx_word' id='word_1_322' title='bbox 564 3971 650 4042; x_wconf 66' lang='lat' dir='ltr'><strong>ligura</strong></span> <span class='ocrx_word' id='word_1_323' title='bbox 664 3967 780 4035; x_wconf 89' lang='lat' dir='ltr'><strong>dicitnr,</strong></span> <span class='ocrx_word' id='word_1_324' title='bbox 867 3989 911 4023; x_wconf 74' lang='grc' dir='ltr'><strong>η.</strong></span> <span class='ocrx_word' id='word_1_325' title='bbox 931 3970 1037 4038; x_wconf 71' lang='lat' dir='ltr'><strong>Cingula</strong></span> <span class='ocrx_word' id='word_1_326' title='bbox 1055 3968 1196 4022; x_wconf 85' lang='lat' dir='ltr'><strong>bominum</strong></span> <span class='ocrx_word' id='word_1_327' title='bbox 1211 3982 1239 4023; x_wconf 83' lang='lat' dir='ltr'><strong>et</strong></span> <span class='ocrx_word' id='word_1_328' title='bbox 1254 3990 1336 4042; x_wconf 85' lang='lat' dir='ltr'><strong>equo·</strong></span> 
     </span>
     <span class='ocr_line' id='line_1_40' title="bbox 275 4047 1335 4120; baseline 0.003 -20"><span class='ocrx_word' id='word_1_329' title='bbox 275 4065 327 4118; x_wconf 86' lang='lat' dir='ltr'><strong>qut</strong></span> <span class='ocrx_word' id='word_1_330' title='bbox 356 4048 429 4119; x_wconf 78' lang='lat' dir='ltr'><strong>opud</strong></span> <span class='ocrx_word' id='word_1_331' title='bbox 454 4049 561 4103; x_wconf 71' lang='lat' dir='ltr'><strong>Grncos</strong></span> <span class='ocrx_word' id='word_1_332' title='bbox 586 4050 706 4119; x_wconf 59' lang='lat' dir='ltr'><strong>triopa,</strong></span> <span class='ocrx_word' id='word_1_333' title='bbox 729 4066 782 4120; x_wconf 78' lang='lat' dir='ltr'><strong>qus</strong></span> <span class='ocrx_word' id='word_1_334' title='bbox 825 4047 1335 4120; x_wconf 79' lang='lat' dir='ltr'><strong>rumgemntettNosteroelebntLXX,</strong></span> 
     </span>
     <span class='ocr_line' id='line_1_41' title="bbox 275 4126 1108 4192; baseline 0.002 -15"><span class='ocrx_word' id='word_1_335' title='bbox 275 4126 376 4192; x_wconf 86' lang='lat' dir='ltr'><strong>nostri,</strong></span> <span class='ocrx_word' id='word_1_336' title='bbox 386 4147 410 4179; x_wconf 81' lang='lat' dir='ltr'><strong>ss</strong></span> <span class='ocrx_word' id='word_1_337' title='bbox 421 4128 474 4180; x_wconf 73' lang='lat' dir='ltr'><strong>tdut</strong></span> <span class='ocrx_word' id='word_1_338' title='bbox 485 4130 535 4181; x_wconf 77' lang='lat' dir='ltr'><strong>siclt</strong></span> <span class='ocrx_word' id='word_1_339' title='bbox 548 4130 592 4180; x_wconf 81' lang='lat' dir='ltr'><strong>der</strong></span> <span class='ocrx_word' id='word_1_340' title='bbox 604 4128 712 4180; x_wconf 67' lang='lat' dir='ltr'><strong>Hiram!</strong></span> <span class='ocrx_word' id='word_1_341' title='bbox 721 4130 781 4191; x_wconf 81' lang='lat' dir='ltr'><strong>suf:</strong></span> <span class='ocrx_word' id='word_1_342' title='bbox 825 4130 929 4189; x_wconf 83' lang='lat' dir='ltr'><strong>LXXI,</strong></span> <span class='ocrx_word' id='word_1_343' title='bbox 943 4140 970 4179; x_wconf 89' lang='lat' dir='ltr'><strong>et</strong></span> <span class='ocrx_word' id='word_1_344' title='bbox 982 4126 1108 4179; x_wconf 89' lang='lat' dir='ltr'><strong>LXXIII.</strong></span> 
     </span>
    </p>
   </div>
   <div class='ocr_carea' id='block_1_4' title="bbox 0 0 1531 4900">
    <p class='ocr_par' dir='ltr' id='par_1_18' title="bbox 0 0 1531 4900">
     <span class='ocr_line' id='line_1_42' title="bbox 0 0 1531 4900; baseline 0 0"><span class='ocrx_word' id='word_1_345' title='bbox 0 0 1531 4900; x_wconf 95' lang='lat' dir='ltr'><strong> </strong></span> 
     </span>
    </p>
   </div>
  </div>
 </body>
</html>
