3034 4900
252 464 301 547 uu
494 460 568 528 cn.
597 456 902 525 cnuumnm
929 456 1073 526 xxvi.

251 597 383 687 Rumpe
399 614 534 677 omnes,
551 586 839 676 Alorice,1norus;
854 587 919 657 hoc
934 588 1074 682 impiger
1087 610 1176 655 nuno

249 699 389 794 Alpibus
407 694 510 766 Italiae
529 697 636 789 ruptis
656 694 844 800 penetrabis
864 693 906 763 ed
927 694 1066 762 Urbem.

250 810 325 875 Huc
345 807 408 873 iter
427 827 531 897 usque
545 801 651 870 datur.
665 802 750 889 Quis
765 802 833 893 jam
852 814 928 894 post
943 798 1019 868 talia
1039 802 1146 893 segnis

251 911 425 1005 instigat,
439 923 498 977 aut
515 906 594 977 caelo
612 906 740 975 dubitet
757 930 875 1001 parere
890 903 1046 976 vocanti?
1058 935 1075 969 »

303 1018 356 1086 Sic
375 1017 443 1104 ait,
460 1016 677 1107 hortatusque
698 1037 776 1082 suos
796 1010 947 1107 belloque
966 1014 1091 1105 viaeque
1274 1038 1311 1076 τε.

251 1124 408 1191 Instruit:
429 1118 584 1189 attollunt
599 1143 704 1189 vanos
721 1117 855 1187 otucula
875 1118 986 1188 iustus.

169 1320 173 1326 .
251 1232 284 1297 Ο
302 1252 431 1322 semper
448 1228 547 1297 tacita
569 1240 673 1295 sortes
691 1226 830 1319 ambage
853 1223 1022 1319 malignes,

251 1338 447 1427 Eventuque
469 1346 585 1427 patens
605 1348 640 1400 et
660 1333 771 1401 nescia
790 1331 920 1399 vatibus
943 1331 1024 1425 ipsis

253 1442 334 1509 Veri
356 1463 430 1509 sera
447 1433 549 1507 fides!
570 1440 732 1533 Ligurum
753 1438 887 1531 regione
906 1460 1058 1531 suprema

251 1544 406 1615 Pervenit
426 1545 468 1614 ad
489 1543 626 1613 fluvium
644 1537 743 1631 (miri
766 1537 995 1637 cognominis)
1013 1540 1164 1625 Urbem,
1276 1568 1315 1605 sss

253 1658 362 1745 Atque
382 1649 448 1719 illic
468 1651 613 1719 domitus
633 1651 690 1717 vix
707 1648 841 1718 tandem
861 1650 1039 1743 interprete
1059 1672 1136 1717 casu

254 1759 400 1853 Agnovit
420 1756 528 1825 dubiis
545 1755 640 1825 illuso
661 1754 823 1825 voeabula
841 1756 925 1824 fatis.

307 1866 378 1932 Nec
398 1888 466 1931 non
485 1876 520 1932 et
533 1861 669 1931 Stilicho
692 1885 838 1956 pugnam
863 1862 1032 1956 poscentia
1054 1860 1158 1928 movit

254 1969 357 2039 Pleno
377 1984 484 2039 oestro
504 1968 634 2063 gratim
655 1968 815 2061 dictisque
837 1970 969 2062 instigat
989 1981 1129 2035 euntes:

254 2141 319 2197 eride
332 2144 462 2214 ἐπιχιιριῖ.
473 2144 536 2197 ἄλλα·
547 2164 584 2205 τις
595 2150 700 2211 συνεχῶς
714 2145 764 2195 lvo·
808 2144 887 2214 gister
906 2156 958 2207 est,
971 2156 1002 2196 ut
1020 2142 1056 2194 sit
1068 2142 1165 2195 Fabius
1184 2141 1315 2195 Maximus

254 2232 318 2295 χλῶν
349 2224 421 2278 αὐτὸν
444 2224 555 2289 βιάῑιται
577 2220 631 2286 (sic
659 2224 764 2275 Somm.
810 2220 882 2294 opud
891 2224 1014 2287 Livium;
1027 2220 1099 2275 unde
1111 2240 1215 2275 versus:

258 2302 329 2377 apud
342 2304 477 2357 Socratem
495 2315 534 2355 est
547 2300 711 2369 βασανίζων),
723 2301 765 2356 καὶ
836 2309 913 2361 Volgus
923 2310 1081 2349 slieseotnl'scts
1091 2310 1176 2349 nonne·
1187 2318 1257 2362 putate

258 2384 386 2435 introisset
408 2382 451 2437 τὴν
469 2372 557 2452 hopes
578 2376 682 2451 resposis.
705 2408 716 2428 ι
732 2382 766 2433 Se
808 2379 888 2433 Ovid.
905 2381 956 2452 Ep.
970 2383 1090 2449 ll,vers.
1107 2383 1154 2434 86.
1170 2382 1204 2432 At
1221 2398 1251 2432 ex
1269 2382 1315 2434 Se·

256 2482 312 2515 non
321 2474 416 2532 sponte
426 2479 474 2512 sus
487 2461 544 2511 hec
558 2462 704 2530 suscipere,
718 2459 766 2512 sed
807 2479 873 2512 nece
883 2477 890 2513 :
901 2487 912 2506 ι
924 2460 1033 2512 [uitium
1046 2461 1166 2512 omnium
1174 2477 1266 2511 rerum
1275 2479 1314 2514 ss·

257 2543 373 2612 aliquem
381 2539 539 2610 sempersihi
549 2539 689 2591 molestum
696 2555 765 2603 esse,
808 2539 900 2610 piens,
918 2557 973 2591 nou
989 2539 1088 2591 exitum
1105 2551 1223 2608 spectst;
1239 2539 1313 2591 initis

258 2633 284 2672 et
299 2638 392 2690 cogere
405 2636 447 2682 se,
463 2629 490 2670 et
502 2616 595 2687 jubere
608 2616 718 2670 Romam
735 2629 766 2669 ut
807 2617 836 2668 in
847 2628 975 2688 potestate
985 2629 1074 2670 nostra
1086 2629 1162 2679 sunt,
1174 2615 1208 2668 de
1218 2630 1314 2670 eventu

257 2698 365 2751 deleret.
378 2725 388 2744 ·
807 2696 915 2749 lortuns
924 2694 1033 2765 judicat.
1043 2723 1054 2744 ι
1069 2695 1271 2750 Demosthenes:
1285 2699 1312 2750 ri

300 2779 365 2838 ⁵46.
376 2777 567 2844 stampensem
578 2793 667 2846 perge,
678 2788 704 2827 et
715 2777 766 2828 lto-
807 2775 850 2845 μὲν
866 2776 957 2844 πέρας,
974 2779 1005 2836 ὣς
1023 2777 1051 2828 ἂν
1068 2779 1079 2828 ὁ
1097 2769 1193 2845 deipnos
1211 2777 1313 2844 βουληθῇ

258 2868 328 2909 motu
341 2849 467 2907 destrue:
483 2851 546 2906 vide
560 2873 585 2904 v.
603 2856 657 2916 485
676 2873 764 2925 supro.
806 2854 905 2908 πάντων
918 2855 1026 2924 γίνεται,
1038 2858 1054 2913 il
1064 2851 1093 2907 di
1103 2856 1239 2926 πριαίρισις
1250 2857 1313 2912 αὐτὴ

258 2937 392 3000 Alaricus,
404 2934 607 3004 quumllommu
619 2931 765 2986 contende·
805 2935 849 2990 τὴν
872 2938 915 2986 τοῦ
934 2931 1068 3005 συμῧούλου
1088 2930 1198 2988 διάνοιαν
1220 2930 1313 2991 trist:

257 3027 313 3080 ret,
327 3015 445 3066 monitus
456 3013 506 3065 sibi
522 3031 577 3064 rem
588 3030 643 3064 esse
654 3031 716 3065 cum
724 3013 765 3064 in·
809 3026 935 3068 :eventus
945 3013 1066 3087 quidem,
1075 3027 1105 3068 ut
1116 3017 1186 3068 Deus
1194 3016 1314 3081 voluerit,

257 3094 333 3147 linita
352 3094 490 3146 hominum
515 3090 699 3156 multitudine,
721 3107 764 3144 re·
806 3104 844 3146 est
857 3092 885 3146 in
898 3095 1035 3161 omnibus;
1047 3095 1186 3149 eonsilium
1197 3114 1260 3148 vero
1271 3095 1312 3166 ip·

258 3172 385 3244 spondit:
397 3201 408 3220 ι
419 3175 537 3225 Densum
549 3190 657 3242 gromen
671 3171 765 3225 melius
806 3192 864 3226 sum
875 3174 1017 3228 consiliarii
1026 3174 1157 3246 judiciuin
1168 3172 1308 3228 ostendit·

258 3253 379 3324 sequitur
391 3254 500 3318 salcem3
511 3251 618 3304 densior
630 3244 713 3304 herba
724 3252 764 3304 ia·
848 3252 912 3306 555.
933 3253 1041 3308 Fluvius
1058 3256 1103 3308 hic
1121 3253 1190 3309 Orda
1205 3267 1312 3308 vocetur

257 3329 333 3383 cilius
345 3330 500 3384 succiditur.
514 3358 525 3378 .
805 3329 886 3383 hodie
897 3371 904 3396 ,
918 3345 1064 3388 utmonent
1073 3335 1224 3406 geographi.
1234 3333 1312 3388 Cleu-

299 3409 363 3479 ⁵47·
374 3408 503 3474 Attende,
511 3411 605 3474 lector,
617 3407 650 3461 sd
662 3428 763 3462 nomeu
805 3409 899 3464 dianus
908 3412 977 3478 vult,
986 3433 1051 3466 voce
1062 3415 1161 3468 oraculi
1171 3412 1310 3482 deceptum

260 3487 357 3551 Urbem,
373 3501 402 3541 ut
413 3488 556 3560 intelligas,
570 3507 628 3559 quae
642 3487 764 3542 dicentur
805 3488 959 3556 Alaricum,
983 3496 1028 3564 qui
1056 3493 1089 3546 ad
1115 3495 1201 3546 Urbem
1224 3489 1310 3543 domi-

255 3589 282 3622 v.
298 3567 364 3621 555.
804 3587 866 3621 nem
890 3572 1001 3624 Romam
1026 3593 1054 3626 se
1076 3573 1164 3626 vocari
1187 3583 1310 3642 putaret,

299 3648 363 3701 552.
374 3646 486 3699 Pulchra
493 3644 527 3700 de
536 3646 649 3700 oraculis
657 3661 762 3700 senten·
804 3666 888 3719 quum
903 3649 965 3702 Urbs
979 3652 1020 3704 sel
1040 3653 1111 3705 Urbe
1118 3653 1209 3720 fluvius
1221 3663 1310 3705 osten·

257 3730 310 3791 tis,
332 3728 408 3798 cujus
429 3725 549 3800 quedam
567 3739 638 3780 certa
658 3728 762 3781 ratione
804 3726 919 3782 deretur.
933 3731 1015 3783 Plena
1030 3745 1069 3784 est
1085 3729 1238 3802 hujusmodi
1252 3749 1311 3784 ora·

256 3806 291 3858 od
308 3805 363 3877 ipsa
379 3807 459 3860 etium
473 3819 624 3860 nostrorum
641 3807 760 3878 prophe·
804 3807 869 3862 culis
880 3809 998 3862 historio.

254 3897 341 3937 tarum
364 3887 486 3939 vaticinia
514 3888 606 3941 referri
631 3901 759 3957 possunt5
845 3889 910 3958 557.
920 3889 1042 3941 Vocabula
1052 3890 1130 3954 illiue,
1139 3889 1166 3943 h.
1179 3909 1203 3943 e.
1214 3890 1311 3960 perlu-

254 3973 326 4017 certe
342 3963 409 4016 illud
422 3979 503 4020 ererrtu
516 3981 620 4040 patens,
634 3979 660 4018 et
680 3970 760 4019 nescia
803 3965 920 4020 dihrium
942 3982 968 4022 et
987 3966 1117 4024 illudendi
1136 3987 1211 4024 causo
1226 3969 1309 4040 appli-

253 4043 349 4098 sutibus
357 4045 423 4122 ipsis
803 4061 859 4102 csta
874 4049 981 4102 eventui
996 4051 1105 4103 incerto.

295 4123 359 4176 553.
371 4123 481 4175 Eventu:
490 4125 630 4179 stultorum
642 4127 692 4179 istc
703 4146 758 4180 stra·
845 4127 909 4199 559.
930 4129 1006 4182 Pleno
1019 4129 1108 4200 gradu.
1127 4127 1238 4181 Stilicho
1253 4143 1306 4176 non
