3034 4900
524 437 853 561 sulcamus
880 490 977 557 νη,
1202 488 1273 588 371

693 887 807 956 LVII.

576 1120 650 1167 vn.
678 1120 729 1165 nu
757 1088 935 1166 nonum*

219 1270 446 1399 Lunum,
461 1334 536 1405 quae
550 1308 659 1404 tegitis
676 1320 819 1402 cognato
836 1330 969 1377 carcere
985 1307 1155 1405 lymphas,

271 1420 317 1489 Et
334 1441 408 1513 quae
424 1440 515 1485 nune
531 1417 626 1503 estis,
644 1437 782 1509 quaeque
802 1413 907 1483 fuistis
923 1438 1034 1509 uquae‚

217 1522 319 1615 Quod
335 1548 395 1593 vos
411 1523 580 1619 ingenium
595 1518 722 1590 vinxit?
736 1544 802 1615 qua
818 1520 949 1615 frigoris
966 1536 1037 1592 aste

270 1630 426 1725 Torpuit,
444 1643 477 1697 et
493 1626 624 1698 maduit
641 1626 830 1723 prodigiosa
850 1625 951 1697 silex?

215 1738 302 1829 Quis
318 1750 415 1831 tepor
430 1734 577 1805 inclusus
592 1758 724 1804 securas
741 1733 889 1804 vindicat
909 1733 1039 1805 undas?
1275 1768 1286 1807 s

271 1843 415 1913 Interior
431 1840 551 1937 glacies
569 1865 635 1936 quo
650 1839 827 1936 liquefacta
842 1838 955 1910 Noto?

218 1951 361 2020 Gemma
376 1949 495 2042 quibus
508 1947 663 2018 claustris
682 1971 805 2017 arcano
824 1946 953 2016 mobilis
970 1962 1052 2019 aestu

270 2055 334 2127 Vel
349 2068 506 2125 concreta
520 2054 601 2143 fuit,
614 2051 668 2124 vel
684 2052 829 2125 resoluta
845 2050 943 2149 gelu?

258 2259 350 2335 *Quo
365 2278 514 2339 sequuuttn
534 2285 581 2321 sex
597 2267 729 2339 epigram·
773 2284 854 2339 quem
864 2266 1104 2321 continet‘l'otum
1115 2268 1161 2323 hie
1173 2286 1284 2325 acumen

218 2360 304 2415 mate,
323 2348 405 2421 vulgo
425 2347 657 2402 continuabantur.
681 2346 728 2400 Di·
773 2358 813 2401 est
835 2364 867 2399 ex
894 2347 1046 2413 antithetis,
1062 2350 1168 2420 frigus,
1198 2362 1286 2422 tapam

217 2427 281 2482 visit
310 2428 430 2502 primum
462 2427 540 2484 libris
572 2426 729 2482 auctoribus
774 2429 881 2498 torpuit,
896 2426 1004 2492 undam
1018 2429 1128 2501 glutus,
1150 2430 1244 2507 Notus..

218 2507 325 2563 Claver.
816 2526 842 2560 a.
854 2507 911 2560 Non
926 2512 998 2572 estis,
1012 2509 1108 2564 Mouet.
1122 2527 1166 2581 pr.

262 2606 288 2642 1.
301 2587 421 2661 Nympha
428 2599 456 2641 et
466 2587 600 2660 Nymphas,
617 2587 690 2641 Clev.
702 2599 730 2639 et
815 2586 842 2640 3.
851 2587 941 2640 lunxit
947 2589 981 2642 al.
991 2591 1073 2642 vineit
1078 2588 1187 2644 aliunde
1196 2590 1286 2644 firmat

218 2667 253 2720 al.
264 2668 406 2740 vulgatam
414 2669 510 2721 merito
518 2665 626 2721 reduxit
636 2663 729 2720 Heius.
776 2665 868 2720 Heius.

218 2766 319 2818 eotpore
331 2747 362 2802 it.
373 2758 470 2819 pectore
489 2747 522 2799 al.
538 2767 632 2799 earcere
651 2747 731 2800 etiam
818 2745 844 2799 5.
858 2745 967 2803 Samus
977 2749 1048 2818 conj.
1061 2747 1152 2802 Heius.

219 2827 281 2899 Cuj.
296 2859 338 2870 -
358 2827 520 2898 Lympharum
539 2845 638 2881 nomeu
657 2844 731 2879 cotn-
817 2844 844 2896 7.
860 2826 956 2880 Nobilis
969 2827 1001 2880 al.
1018 2828 1112 2880 mobilis
1127 2828 1207 2882 etiam
1223 2829 1286 2901 Cuj.

217 2905 364 2980 prehendit
389 2906 454 2960 duas
485 2923 547 2970 rea,
574 2905 731 2979 crystallum
818 2907 844 2958 8.
860 2903 1057 2977 Fluitss...5elu
1068 2919 1105 2960 est
1116 2911 1186 2980 conj.
1197 2907 1289 2964 Heius.

218 3005 288 3058 que,
300 3004 331 3039 ex
345 2985 474 3060 opinione
485 2986 589 3056 vulgari
602 2983 732 3057 quidem,
774 3015 815 3028 —
833 2985 971 3048 Concreta5
987 3005 1090 3058 gemma
1106 3000 1229 3042 concreta
1243 3007 1290 3042 ex·

219 3065 368 3139 squaluit,
381 3078 550 3119 nuncautem
559 3066 588 3118 in
599 3083 730 3136 gemmam
775 3065 874 3130 terius,
885 3065 929 3119 vel
948 3067 1066 3121 resoluta
1082 3067 1212 3138 interius,
1226 3068 1289 3139 gelu

218 3144 360 3213 induruit,
373 3158 401 3201 et
417 3145 563 3202 humorem
579 3143 731 3216 liquidum,
777 3143 878 3199 scilieet
892 3141 1029 3200 dissoluto.

449 3419 1059 3457 wa«
