3034 4900
515 507 827 578 nrornmun
852 511 898 576 v.
1162 512 1234 610 347

174 642 316 711 Arcanis
336 639 478 709 trahitur
497 663 629 734 gemma
645 639 687 708 de
706 641 847 734 conjuge
864 642 972 712 nodis.

174 747 334 816 Pronuba
351 745 391 814 fit
406 759 525 814 natura
541 747 642 834 Deis,
660 744 850 841 ferrumque
870 751 1003 820 maritat

174 857 269 922 Aura
286 868 407 938 tenax3
426 852 542 921 subitis
559 854 727 923 sociantur
744 855 891 924 Numina
913 855 1018 926 furtis.

231 961 316 1049 Quis
336 957 427 1028 calor
445 957 590 1028 infundit
609 961 748 1054 geminis
766 958 892 1029 alterna
910 961 1049 1033 metallis
1214 993 1240 1038 o

174 1064 338 1136 Foedera?
355 1078 428 1159 quae
448 1065 547 1134 duras
563 1065 674 1160 jungit
691 1066 869 1136 concordia
887 1068 1034 1138 mentes?

174 1171 310 1267 Flagrat
329 1170 447 1242 anhela
468 1169 567 1260 silex,
589 1185 624 1241 et
641 1175 781 1244 amicam
801 1174 910 1242 saucia
932 1177 1031 1244 sentit

174 1280 371 1366 Materiem,
387 1276 598 1373 placidosque
617 1278 753 1374 chalybs
770 1281 940 1375 cognoscit
956 1305 1095 1352 amores.

230 1387 286 1454 Sic
306 1388 421 1455 Venus
442 1384 635 1455 horrificum
656 1385 733 1455 belli
750 1411 961 1481 compescere
981 1390 1124 1482 Regem,

171 1493 221 1560 Et
237 1490 333 1560 vultu
354 1488 482 1560 mollire
501 1490 602 1580 solet,
618 1517 721 1586 quum
739 1495 898 1587 sanguine
920 1519 1065 1590 praeceps
1214 1522 1239 1568 n

172 1599 321 1686 AEstuat,
342 1611 376 1667 et
396 1599 516 1668 strictis
533 1600 748 1670 mucronibus
769 1615 901 1694 asperat
917 1602 991 1670 iras.

174 1703 255 1774 Sola
272 1703 349 1774 feris
370 1707 517 1774 occurrit
537 1707 646 1799 equis,
662 1704 824 1801 solvitque
841 1722 1006 1777 tumorem

173 1813 339 1898 Pectoris,
353 1825 388 1880 et
401 1809 524 1881 blando
537 1812 719 1906 praecordia
732 1827 897 1908 temperat
910 1815 988 1909 igni.

171 1919 244 1987 Pax
262 1919 373 1987 animo
388 1916 563 2013 tranquilla
578 1918 691 2006 datur,
707 1944 902 2015 pugnasque
920 1918 1062 1990 calentes

172 2026 325 2112 Deserit,
342 2039 376 2092 et
393 2023 509 2093 rutilas
523 2023 714 2094 declinatio
729 2024 842 2096 oscula
857 2027 982 2096 cristas.
1216 2055 1239 2096 ⁵0

228 2133 313 2218 Quae
327 2131 403 2218 tibi,
418 2155 504 2200 saeve
518 2157 618 2228 puer,
633 2157 701 2201 non
717 2147 768 2201 est
783 2135 943 2227 permissa
957 2131 1125 2226 potestas?

171 2239 229 2305 Tu
250 2261 407 2330 magnum
426 2263 561 2332 superas
582 2237 726 2327 fulmen,
746 2236 892 2333 caeloque
910 2236 1025 2308 relicto

171 2340 346 2411 Fluctibus
366 2345 400 2412 in
417 2344 535 2414 mediis
552 2347 643 2440 cogis
659 2340 788 2440 mugire
805 2348 999 2414 Tonantem.

171 2552 302 2606 ecstasim
317 2565 393 2606 vomi
405 2572 497 2606 auram.
513 2552 557 2606 Sic
571 2555 686 2625 bylrrswa
729 2554 811 2607 tribui
826 2573 841 2607 e
856 2554 937 2607 veteri
949 2568 975 2607 et
986 2554 1094 2607 heroica
1108 2552 1240 2607 militandi

171 2645 305 2685 vocarunt
314 2634 460 2696 rationem,
470 2652 523 2703 qua
533 2634 686 2687 animacor·
726 2633 837 2687 ratione.
852 2634 896 2687 Sic
907 2632 980 2705 apud
993 2635 1058 2687 Hor.
1076 2635 1164 2688 Carm.
1182 2635 1240 2699 111,

170 2732 226 2783 pus
241 2712 306 2783 agit,
323 2731 379 2765 non
394 2724 425 2765 ut
440 2710 553 2766 modum
568 2712 685 2767 declara·
728 2732 779 2778 111,
792 2716 826 2767 16
836 2714 939 2779 ‚Martis
947 2716 1011 2785 equis
1019 2715 1158 2766 Acheronta
1160 2716 1240 2783 sugit.

172 2806 246 2849 rent,
256 2790 302 2845 sed
311 2792 451 2847 utilluma
462 2812 490 2845 se
500 2812 557 2846 non
569 2794 631 2847 satis
641 2794 683 2846 in'·
769 2792 815 2847 51.
831 2791 932 2865 Lepida
950 2790 983 2846 ad
997 2792 1160 2865 Cupidinem
1176 2813 1240 2866 apo·

174 2871 260 2943 telligi
275 2869 433 2925 indicarent.
726 2872 853 2944 strophe,
869 2873 912 2926 cui
926 2884 998 2926 tanta
1012 2874 1046 2927 sit
1061 2874 1196 2945 potentia,
1208 2887 1240 2927 ut

217 2951 264 3020 39.
272 2950 333 3004 Non
342 2953 404 3005 satis
412 2953 523 3023 proprie
525 2955 596 3019 ficeta
603 2950 682 3015 dicit,
726 2954 833 3005 metalla
847 2954 925 3006 etiem
939 2954 1055 3006 animare
1068 2954 1158 3024 possit.

173 3048 234 3103 quae
250 3030 280 3083 in
295 3044 439 3103 conspectu
454 3032 575 3085 omnium
591 3033 684 3085 liunt:
769 3032 814 3086 ⁵3.
825 3032 951 3085 Fluctibus
962 3036 988 3085 in
1004 3034 1085 3085 mediis
1095 3034 1240 3103 magist-Ju-

172 3108 224 3163 aed
235 3123 321 3182 potest
333 3111 386 3164 boc
399 3111 511 3183 intelligi
522 3131 583 3165 cum
594 3130 684 3183 respe-
727 3112 807 3184 piter,
814 3131 895 3183 quum
904 3114 953 3166 sub
961 3114 1029 3166 tauri
1037 3114 1149 3183 imagine
1157 3113 1240 3165 Euro·

173 3201 224 3242 ctu
243 3188 275 3242 ad
290 3190 459 3255 Vulcanum,
478 3204 505 3245 et
523 3190 597 3264 quod
615 3192 684 3245 nibil
727 3192 1090 3264 pamrapuit.—Juvatbic
1104 3190 1239 3263 adponere

172 3270 321 3323 solemnius
331 3282 371 3323 est
382 3272 469 3341 poetis
481 3290 563 3344 quam
571 3272 685 3325 Veneris
727 3270 911 3325 suavissimum
932 3291 963 3325 ex
984 3271 1144 3343 Anthologia
1163 3290 1238 3324 sum·

171 3368 295 3419 mque
301 3340 458 3421 plerumque
465 3352 556 3404 furtim
563 3352 685 3420 liunt,ita
727 3364 804 3421 ptum
817 3351 1095 3423 epigramma,iucerti
1109 3351 1236 3417 auctoris,

172 3428 288 3498 signare.
727 3428 774 3483 sed
786 3448 801 3483 e
812 3430 978 3501 lepidissimo
986 3444 1057 3485 certe
1070 3430 1178 3502 ingenio
1192 3450 1238 3484 na·

218 3516 262 3572 40.
271 3508 374 3561 Foedera
381 3510 448 3562 solet
457 3509 554 3563 Noster
565 3508 682 3564 deomni
727 3522 784 3564 tum
798 3528 805 3563 ε
820 3501 843 3564 ὁ
857 3512 914 3571 zebe
927 3512 985 3582 πρὸς
1000 3514 1040 3566 τὸν
1054 3499 1156 3581 bora·
1179 3512 1236 3575 fida

170 3588 232 3657 lege
238 3586 443 3650 naturredicere,
453 3602 485 3642 ut
491 3590 683 3655 111‚a;xxv1‚
727 3589 761 3642 τὰ
775 3588 809 3643 σὰ
822 3588 897 3643 πάντ’
910 3592 1052 3663 &pracipes
1064 3592 1118 3643 X’b
1131 3590 1236 3650 πτανὸς·

174 3666 228 3732 563
241 3668 377 3733 mm,
390 3670 436 3722 65.
449 3668 492 3721 Sic
502 3670 641 3723 Lucretius
654 3671 683 3723 in
730 3670 836 3740 βρόντα,
849 3670 891 3723 καὶ
912 3671 973 3723 πάλι
987 3674 1070 3731 κύκνος
1086 3670 1139 3737 ἔσῃ.
1156 3666 1238 3735 Quod

169 3747 227 3800 hoc
238 3747 298 3819 ipso
309 3762 464 3819 argumento
476 3749 618 3820 magnetis,
629 3750 684 3815 vl,
728 3749 766 3803 ite
784 3749 880 3803 imitati
896 3763 958 3802 sunt
977 3750 1027 3801 viri
1046 3746 1211 3801 celeberrimi
1228 3767 1234 3797 :

174 3828 249 3897 906,
263 3827 516 3899 quatitquofoedere
525 3828 682 3899 nataraefiat,
730 3829 878 3901 -Jupiter,
896 3828 1014 3899 Eripiam
1043 3828 1093 3881 tibi
1119 3827 1237 3899 spicula,

170 3918 227 3958 etc.
241 3906 313 3960 Vide
325 3907 398 3961 bunc
413 3909 510 3961 locum.
727 3908 795 3962 dixit
801 3909 891 3962 Amori
899 3926 907 3975 ;
915 3908 977 3961 Ille:
985 3908 1075 3971 Tona,
1085 3907 1236 3978 lies,quum

216 3992 261 4048 4¹·
280 3985 379 4052 Ludit,
399 4006 484 4059 quum
504 3988 577 4040 dum
597 4001 683 4041 mentes
728 3990 802 4053 volo,
824 4006 914 4041 rursus
933 3988 1000 4041 olor.
1020 4014 1030 4034 ι
1054 3988 1129 4039 Huc.
1148 3987 1234 4041 Gnor.

171 4066 269 4119 tribuit
283 4066 365 4137 signis
378 4086 393 4119 e
408 4067 524 4121 metallo.
732 4094 742 4115 ι
758 4070 799 4121 De
811 4067 926 4119 Veneris
938 4079 1000 4121 nato
1014 4080 1106 4138 questa
1122 4080 1160 4119 est
1173 4067 1235 4119 Dic·

215 4152 263 4216 47.
279 4146 347 4220 Equi
361 4160 492 4200 eterurm
506 4147 585 4202 Marti
598 4147 684 4200 solent
728 4161 811 4218 tynna
824 4146 957 4213 Tonanti,
980 4146 1062 4213 Quod
1089 4148 1169 4199 nimis
1191 4147 1236 4198 ille
