3034 4900
391 468 464 535 DE
492 466 995 539 vlconsuottoltll.
1058 474 1060 481 ’
1153 478 1218 560 141

157 596 256 689 Quod
272 600 464 693 picturatas
482 596 582 693 galee
597 600 740 668 lunonia
757 602 872 671 cristas
1188 631 1225 688 ⁵7⁵

158 709 266 774 Ornet
287 706 381 793 avis,
396 704 450 773 vel
463 705 555 799 quod
569 706 691 800 rigidos
706 708 836 776 vibrata
857 731 917 802 per
933 732 1041 778 annos

159 812 276 880 Rubra
294 812 480 881 subaureto
498 814 683 906 crispentur
703 815 809 883 serica
829 813 936 883 dorso.

208 919 301 987 Tum
313 917 379 987 tibi
398 942 755 1011 magnorummercem
770 922 916 989 Fortuna
933 918 1083 990 laborum

160 1023 344 1111 Persolvit,
358 1022 518 1111 Stilieh0;
530 1048 630 1093 curru
643 1050 747 1120 quum
760 1039 874 1094 vectus
889 1025 1005 1095 eodem

160 1130 257 1199 Urbe
271 1129 535 1224 triumphantem
553 1154 711 1224 generum
729 1130 868 1201 florente
879 1132 1017 1225 juventa
1189 1164 1226 1201 ιι.

162 1238 402 1331 Conspiceres,
417 1233 574 1330 illumque
588 1235 675 1305 diem
690 1237 752 1307 sub
765 1236 864 1306 corde
877 1236 1034 1325 referres,

162 1342 245 1430 Quo
263 1341 328 1409 tihi
343 1340 482 1411 confusa
495 1341 602 1412 dubiis
614 1341 790 1411 formidine
804 1343 902 1413 rebus

161 1448 334 1519 Infantem
348 1448 477 1541 genitor
491 1450 634 1517 moriens
652 1450 816 1518 commisit
827 1444 991 1518 alendum.

163 1554 318 1623 Virtutes
331 1554 431 1621 variae
444 1552 572 1623 fructus
588 1578 717 1624 sensere
730 1570 880 1649 receptos
893 1581 903 1643 3

164 1661 368 1755 Depositum
384 1682 546 1746 servasse,
560 1660 677 1747 Fides;
695 1663 902 1749 Constantia,
921 1683 1061 1753 parvum
1190 1687 1228 1725 sss
1268 1662 1273 1673 '

165 1765 357 1837 Praefecisse
368 1764 442 1835 orbi
455 1792 465 1852 ς
482 1766 608 1852 Pictos,
621 1766 742 1836 fovisse
754 1769 987 1862 propinquum.

171 1901 189 1937 ι
203 1874 271 1942 llic
289 1886 343 1941 est
361 1869 416 1939 ille
432 1896 530 1965 puer,
546 1874 603 1965 qui
624 1898 713 1942 nunc
731 1873 774 1942 ad
787 1875 908 1943 Rostra
920 1874 1066 1961 Quirites

168 1980 323 2065 Evocat3
344 1992 380 2047 et
396 1976 480 2046 solio
500 1976 602 2048 fultus
619 1980 774 2073 genitoris
788 1980 915 2048 eburno

171 2086 352 2153 Gestarum
373 2082 527 2154 Patribus
544 2108 674 2154 caussas
689 2109 730 2155 ex
740 2084 857 2155 ordine
870 2110 996 2172 rerum,

172 2191 385 2284 Eventusque
397 2188 501 2259 refert
514 2217 525 2278 ;
542 2185 757 2286 veterumque
770 2189 920 2286 exempla
933 2204 1063 2261 secutus
1194 2220 1232 2271 ις.

218 2370 287 2443 575.
301 2372 405 2424 szss'cs
415 2376 486 2437 aris,
504 2374 595 2443 Pavo,
608 2376 683 2445 cujus
726 2392 789 2427 usus
804 2372 896 2427 fuerat.
917 2372 1084 2427 Conscientia
1098 2391 1146 2427 sus
1160 2392 1233 2427 nunc

174 2454 275 2525 ρΙιιιιιω
284 2452 363 2525 galeis
376 2451 475 2507 ducum
488 2452 599 2521 additu,
614 2469 644 2510 nt
655 2468 685 2509 et
726 2455 861 2508 fruentem
879 2453 1052 2508 Stilichonem
1067 2452 1173 2507 inducit
1190 2474 1233 2510 sn·

174 2534 283 2587 altiores
295 2545 322 2587 et
335 2531 556 2588 formidabiliores
573 2551 683 2608 appere-
727 2553 779 2607 que
792 2532 889 2588 deinde
903 2535 1072 2606 loquentem,
1088 2551 1147 2607 que
1163 2535 1234 2604 typis

173 2625 289 2679 rmt,ex
302 2612 427 2684 Polybio.
727 2612 857 2685 distingui
873 2614 956 2684 jussi,
975 2626 1007 2666 ut
1028 2631 1042 2664 n
1066 2625 1151 2684 poete
1170 2631 1232 2666 nur-

216 2692 283 2763 ⁵77·
299 2693 381 2746 Hunc
391 2692 639 2748 versumdecluruvi
652 2693 685 2748 ud
727 2695 831 2747 ratione
855 2693 958 2764 reliqua
986 2692 1178 2746 discernantur.
1193 2725 1232 2736 -

175 2772 212 2840 V,
226 2772 294 2826 856.
729 2775 850 2835 From
856 2773 949 2842 fluctis
962 2773 1061 2826 Lorsn.
1079 2773 1154 2826 male.

217 2851 285 2922 578.
301 2853 406 2904 Merum
419 2870 472 2923 pro
480 2851 601 2906 mercede
612 2853 685 2908 dicit.
771 2851 835 2906 588.
856 2852 920 2906 Post
941 2853 1036 2906 Evocat
1059 2850 1235 2906 insistendum

176 2932 321 2985 Prnminm
336 2929 529 3003 quodcumque
540 2945 630 3003 potest
641 2952 685 2987 co·
728 2933 864 3004 paululum
878 2944 933 2998 est,
948 2949 983 2986 ne
997 2931 1056 3004 quis
1067 2930 1178 2984 eundern
1191 2951 1234 2984 nc·

175 3011 256 3082 gitsri
279 3023 311 3064 nt
331 3029 426 3077 merx,
450 3029 508 3082 que
529 3005 626 3064 emitur
647 3013 685 3066 la·
729 3013 831 3065 tionem
853 3024 945 3082 putet,
961 3030 1013 3082 qua
1037 3011 1156 3075 Quirites
1173 3030 1234 3064 evo·

176 3090 416 3161 competentis,
431 3103 482 3144 etc.
730 3089 974 3156 cunturudllostrn,
982 3103 1008 3144 et
1017 3107 1070 3161 qus
1078 3089 1159 3142 refert
1166 3090 1235 3142 Con·

222 3167 291 3222 580.
303 3170 365 3222 Urbe
374 3171 554 3240 triumphantem
564 3208 571 3235 ‚
581 3171 611 3223 h.
622 3187 646 3223 e.
658 3170 687 3223 in
730 3172 773 3224 sul
787 3169 821 3223 sd
831 3165 965 3224 Senstunl.
985 3169 1043 3221 Illic
1059 3168 1234 3240 suscipiebst,

176 3249 268 3312 urbe,
283 3249 458 3303 rariuscnlnm
470 3287 479 3315 ,
493 3248 540 3303 sed
554 3269 609 3302 non
625 3250 687 3303 ulie·
730 3262 761 3304 ut
770 3251 813 3302 slii
822 3250 886 3302 boni
892 3248 1235 3322 principes,mngistratum.

175 3347 244 3382 nuni
260 3329 294 3381 rls
307 3349 358 3382 usn
370 3342 398 3382 et
409 3329 516 3396 Nostri,
535 3341 566 3381 ut
579 3348 642 3382 mox
660 3348 686 3384 r.
731 3327 798 3382 vid.
813 3329 881 3382 Plin.
897 3329 962 3382 Pan.
978 3329 1063 3394 LXV,
1081 3327 1107 3380 ³.
1123 3327 1174 3380 Hic
1185 3367 1193 3392 ,
1205 3329 1235 3380 in

179 3413 237 3470 614
245 3449 255 3474 ,
264 3407 403 3462 Carnem
414 3408 530 3478 gradibus
543 3409 647 3480 vulg-ru,
660 3421 688 3463 et
730 3409 850 3473 Senatu,
869 3405 964 3462 sedens
978 3407 1064 3461 curuli
1078 3407 1140 3461 sella
1154 3409 1236 3480 patris

180 3486 443 3557 aliorumnerbigr.
456 3489 689 3542 Domitinmssnatns
730 3489 771 3542 sui
783 3527 791 3554 ,
815 3489 905 3558 egebat
930 3507 993 3541 cum
1015 3487 1142 3560 patribus.
1164 3486 1237 3540 Illud

182 3577 243 3618 est..
255 3573 366 3637 ,regione
378 3568 443 3619 urbis
454 3580 536 3630 serm
548 3568 620 3621 Suet.
633 3587 657 3621 o.
665 3571 686 3621 1.
726 3569 806 3636 fidles
820 3569 958 3638 antiquum
969 3581 1018 3621 est.
1029 3567 1101 3620 Serv.
1115 3564 1149 3618 nd
1160 3567 1235 3637 Virg.

184 3643 250 3696 Vid.
262 3646 339 3700 Voss.
351 3645 387 3700 de
401 3660 498 3700 constr.
514 3665 537 3700 c.
551 3647 648 3700 XLVI.
731 3648 787 3700 Ecl.
799 3648 853 3710 VI,
869 3646 922 3715 53,
937 3647 981 3699 Ille
997 3649 1060 3699 lotus
1071 3651 1161 3698 niseum
1172 3647 1239 3698 molli

227 3724 292 3786 584.
305 3728 412 3779 Virmtes
425 3730 503 3778 varie
516 3727 689 3792 Stilichonis,
726 3728 807 3794 fultus
832 3727 974 3798 hyacinthe,-
1007 3753 1018 3774 ι
1040 3724 1112 3796 apud
1136 3737 1239 3778 veteres

185 3801 255 3855 dum
268 3822 314 3856 sua
325 3807 349 3858 is
359 3805 458 3876 repetit
470 3818 527 3859 acts
538 3806 689 3879 superiora,
731 3806 916 3877 unusquisque
930 3824 978 3871 co,
993 3823 1074 3876 super
1087 3802 1159 3874 quod
1168 3807 1237 3873 jace·
1281 3821 1283 3824 ·

182 3884 373 3949 remerefructus
381 3898 494 3956 receptos,
505 3884 523 3938 i.
535 3904 559 3939 e.
568 3886 624 3958 ipse
637 3885 688 3938 Sti·
731 3888 778 3939 bst
788 3881 959 3958 (addendum
974 3887 1044 3948 erat,
1057 3882 1099 3935 vel
1114 3881 1236 3949 sedebat)

180 3961 257 4015 licho
276 3963 357 4016 sensit
373 3965 489 4019 fructum
507 3983 535 4017 se
555 3964 691 4036 percipere
733 3967 810 4030 fultus
821 3962 983 4016 dicemur.-
999 3959 1124 4016 Additex
1139 3965 1236 4018 Lucilii

178 4043 253 4111 jam,
266 4039 360 4099 adulto
377 4057 402 4098 et
420 4044 535 4098 florente
552 4043 691 4109 Honorio,
734 4043 870 4107 torsimus
876 4042 974 4113 pulvino
977 4040 1112 4108 sunosio
1123 4044 1237 4109 Noster,

178 4121 332 4188 virtutum,
347 4124 444 4195 quibus
456 4126 486 4177 ln
497 4124 544 4177 illo
556 4121 693 4178 educendo
735 4125 780 4188 X,
801 4120 853 4176 152
865 4139 873 4189 3
886 4121 988 4184 XXIV,
1001 4140 1064 4192 199.
