3034 4900
290 443 367 516 130
512 441 586 511 CL.
613 436 899 508 CLAUDIANI
925 437 1118 507 XXVIII.

290 587 359 675 Qui
380 596 526 651 nostram
545 577 680 651 eoluere
695 576 860 647 domum?
878 576 1022 647 leviusne
1043 578 1227 646 tremebant

289 691 396 785 Tigris
413 703 447 757 et
464 686 666 781 Euphrates,
682 708 786 778 quum
802 682 926 753 soedera
940 682 1060 753 Medus
1076 698 1110 751 et
1128 682 1231 753 Indus
1306 712 1344 756 ιιι

291 799 378 867 Hinc
393 806 537 889 peteret,
557 814 738 886 pacemque
756 814 831 860 mee
848 802 994 885 'speraret
1014 788 1174 861 abarce?

291 905 356 972 Hie
375 899 422 970 illi
439 923 589 969 mansere
604 898 690 982 viri,
710 920 793 990 quos
811 911 927 965 mutua
945 897 1048 965 virtus

289 1008 407 1103 Legit,
424 1019 458 1075 et
477 1006 512 1073 in
532 1027 654 1073 nomen
671 1002 831 1071 Romanis
851 1002 950 1074 rebus
964 1000 1126 1096 adoptans

289 1114 419 1184 Iudicio
438 1109 611 1206 pulchram
631 1110 766 1195 seriem,
783 1132 852 1178 non
869 1108 1044 1201 sanguine,
1060 1106 1160 1175 duxit.

291 1222 354 1290 Hic
374 1214 485 1314 proles
503 1229 637 1285 atavum
657 1213 822 1284 deducens
840 1212 922 1283 AEliu
939 1214 1102 1302 Nervam,
1308 1241 1346 1285 n„

289 1320 534 1419 Tranquillique
551 1322 618 1407 Pii,
636 1319 874 1414 bellatoresque
892 1320 1012 1389 Severi.

290 1435 364 1501 Hoc
384 1430 464 1499 civis
484 1427 619 1522 dignare
640 1426 767 1513 forum,
783 1440 1025 1521 conspectaque
1039 1422 1164 1495 dudum

291 1540 361 1607 Ora
382 1533 485 1621 refer,
502 1556 658 1627 pompam
680 1531 828 1601 recolens
847 1546 885 1601 ut
904 1545 1014 1601 mente
1028 1530 1192 1625 priorem,

333 1724 397 1786 417.
408 1712 799 1787 Muneen,i.hahitarunt:qun
841 1711 1004 1765 Hadrianum
1025 1723 1164 1783 nepotem,
1181 1711 1348 1765 Antoninum

291 1794 391 1848 deinde
403 1794 472 1847 ratio
490 1793 518 1844 in
532 1793 666 1863 vulgarem
684 1808 798 1843 conene-
841 1804 1029 1862 pronepotem,
1050 1804 1100 1844 ete·
1121 1788 1287 1856 derivatum,
1302 1809 1347 1843 nn·

291 1873 412 1929 tudinem
432 1870 558 1943 loquendi
577 1871 650 1924 abiit.
672 1871 799 1924 Ceterum
843 1868 923 1942 tique
932 1869 1117 1941 inscriptiones
1125 1880 1263 1923 testentur.
1273 1868 1348 1923 Idem

292 1954 411 2025 loquitur
422 1970 479 2003 non
491 1949 525 2003 de
536 1951 644 2021 antiqua
658 1959 799 2003 ooneuetn·
843 1948 877 2003 de
891 1950 1067 2002 Antoninorum
1080 1950 1194 2013 Pteron,
1208 1961 1235 2002 et
1252 1950 1348 2003 Seuero*

293 2032 356 2087 dine
370 2030 490 2093 militie,
505 2048 559 2100 qua
572 2032 615 2080 vir
628 2031 708 2080 uirum
723 2028 800 2097 legere
844 2048 895 2081 rum
917 2028 1085 2089 nominihue,
1101 2047 1194 2083 rerum
1218 2047 1289 2093 esee,
1302 2030 1348 2100 qui

290 2113 446 2184 jubebatur,
461 2106 495 2162 ad
507 2110 585 2179 eujus
599 2108 667 2160 latua
682 2124 801 2177 pugnare
844 2108 1350 2179 tituloelmperatorumlaetrabit,oom·

292 2192 390 2255 vellet;
405 2206 491 2259 neque
506 2186 541 2239 de
554 2186 669 2239 lectione
683 2204 732 2257 per
745 2186 801 2239 eui·
844 2186 937 2259 periet.
952 2185 1031 2252 Quod
1046 2200 1135 2241 entem
1153 2188 1198 2241 hic
1213 2189 1292 2259 proles
1308 2188 1350 2239 de·

295 2270 377 2341 fragia
401 2268 435 2321 ad
456 2267 571 2320 honores
588 2262 737 2336 gerendum
756 2262 803 2318 eed
845 2267 929 2319 Διιαη
939 2266 1037 2321 dieitur
1051 2278 1157 2321 aterum
1167 2306 1175 2333 ,
1187 2266 1293 2321 ridetur
1303 2267 1351 2339 hy·

294 2350 328 2403 de
342 2366 417 2400 more
437 2344 582 2416 adoptandi
601 2345 653 2397 sibi
670 2362 803 2397 successu·
845 2346 945 2417 prllrge
957 2364 1020 2401 eree.
1033 2346 1104 2411 Iloo,
1113 2359 1197 2418 puto,
1208 2345 1350 2408 indicetur,

295 2449 353 2484 rem
366 2425 487 2498 imperii,
500 2443 554 2477 non
568 2424 614 2476 illo
624 2420 804 2494 antiquo'Cn-
845 2425 867 2478 ei
879 2425 988 2497 incipies
998 2426 1031 2479 ab
1042 2426 1157 2496 adnepote
1166 2424 1285 2480 deveniri
1298 2439 1352 2480 tan·

296 2527 401 2570 earnm,
412 2509 488 2557 eernn
502 2505 601 2565 uxoris,
614 2507 679 2555 intro
692 2503 801 2578 κίοιιιιιιιι,
846 2503 908 2558 dem
922 2504 955 2558 ad
968 2518 1070 2558 atavum.
1086 2503 1137 2558 Sed
1150 2523 1200 2558 our
1216 2523 1271 2558 non
1287 2508 1350 2559 eori-

298 2587 346 2642 eed
356 2584 475 2656 exemplo
489 2585 601 2648 Nerva,
614 2583 661 2653 qni
676 2596 743 2634 earet
753 2601 804 2652 op·
845 2583 934 2636 bimus
946 2585 1065 2647 odorum,
1078 2596 1109 2637 ut
1122 2581 1147 2646 S.
1158 2586 1199 2650 V,
1213 2585 1301 2638 Instit.
1316 2583 1352 2638 de

298 2669 396 2730 timue,
407 2663 441 2717 de
451 2681 504 2735 qua
516 2664 619 2715 ratione
630 2660 742 2731 pulchre
752 2659 805 2714 die·
846 2661 956 2715 Gradih.
965 2663 1076 2732 Cognat.

298 2758 374 2817 putet
386 2745 454 2795 Plin.
468 2744 534 2794 Pan.
549 2741 614 2792 Vll.
624 2741 712 2792 Mutuo
726 2743 804 2791 virtus
846 2795 849 2802 Δ
888 2747 954 2802 4²¹·
977 2741 1130 2810 Tranquillus
1149 2742 1202 2810 jam
1217 2741 1352 2814 eliquanto

298 2826 378 2878 etiem
401 2820 446 2874 hie
470 2822 562 2872 locum
585 2819 666 2872 habet
687 2839 693 2869 :
717 2837 805 2890 neque
847 2831 907 2872 ante
930 2817 958 2870 in
979 2820 1159 2890 Augustorum
1184 2821 1265 2874 titulis
1291 2822 1350 2875 snit.

300 2903 371 2957 enim
381 2900 433 2971 legi
444 2917 472 2952 ee
481 2915 570 2970 passus
580 2908 619 2950 ert
629 2916 805 2950 euocemorem
847 2898 919 2963 Quin
936 2899 1065 2952 abiuncto
1079 2897 1142 2952 inde
1161 2900 1353 2972 Tronan'llitoeis

299 2983 428 3050 Trajanue
449 2997 463 3031 ι
486 2976 665 3030 Domitiano:
686 2990 757 3030 certe
771 2977 806 3032 de
848 2977 956 3030 nomine
968 2978 1054 3049 iprum
1062 2979 1251 3050 Imperatorem
1265 2982 1354 3052 Augu-

299 3061 380 3114 Pliuii
390 3072 417 3114 et
427 3055 567 3114 Claudiani
577 3057 717 3110 sententia.
728 3057 806 3110 Rebar
848 3070 919 3110 atum
934 3059 1100 3130 appellarunt
1109 3059 1235 3130 Vegetiue
1248 3061 1280 3113 R.
1294 3059 1353 3114 mu.

301 3141 414 3194 Romanis
427 3137 541 3208 adoptare
552 3147 593 3188 eet
604 3134 690 3208 legere
704 3155 806 3190 euooee·
848 3137 877 3190 11
894 3139 964 3207 prol,
983 3151 1060 3209 atque
1073 3137 1220 3210 Eutropius
1232 3141 1306 3211 pref.
1319 3138 1353 3194 ed

300 3239 404 3284 rorem,
418 3217 466 3289 qni
482 3216 561 3270 rebus
574 3215 721 3280 Romania,
739 3215 769 3268 h.
782 3234 806 3268 e.
850 3216 996 3270 Valentem.
1026 3216 1143 3271 Videtur
1171 3237 1233 3291 ergo
1259 3221 1354 3274 Noster

301 3299 415 3370 imperio
426 3295 532 3367 praesit3
546 3298 573 3345 in
583 3313 682 3359 nornen,
692 3293 738 3366 qui
747 3305 807 3348 teu·
854 3297 1018 3366 Tranquillum
1029 3296 1077 3349 hic
1091 3297 1210 3369 posuisse
1227 3311 1259 3351 ut
1274 3317 1354 3368 eyno-

300 3396 380 3449 qnam
392 3375 466 3428 lilino
479 3393 578 3428 nomen
591 3372 712 3444 adoptivi
725 3374 808 3445 patrie
850 3393 961 3445 nymom
976 3377 1090 3445 Aegon
1101 3377 1188 3430 Nerva
1199 3377 1250 3430 hoe
1259 3395 1356 3447 eogno-

301 3468 382 3527 gerrt.
396 3451 494 3506 Eadem
510 3452 622 3505 formul·
636 3452 724 3505 utitur
738 3453 807 3507 Plin.
850 3454 920 3506 mine
941 3453 1091 3526 designatae
1111 3475 1125 3510 a
1144 3456 1236 3510 Proeto
1254 3456 1353 3528 Paneg.

300 3537 364 3592 Pan.
378 3531 559 3585 LXXXVIII.
851 3533 905 3596 XI,
919 3537 945 3587 6.

342 3621 408 3678 deo.
423 3610 474 3662 Ilio
490 3611 581 3662 Romu
592 3608 721 3665 habitavit
727 3611 808 3679 proles
893 3618 958 3674 dn.
972 3614 1045 3666 Hune
1057 3617 1234 3684 Augustorum
1244 3613 1355 3680 eliorum,

303 3695 391 3756 AElr'a,
404 3707 502 3743 nomen
514 3686 658 3750 Hadriani,
674 3690 708 3741 ah
721 3692 808 3743 Anto-
851 3692 895 3762 qui
912 3693 1004 3744 Rome
1016 3693 1179 3758 habitarunt,
1194 3693 1295 3764 diffrrore
1309 3707 1355 3758 tn,

302 3775 366 3825 nino
374 3772 436 3836 Pio,
447 3787 527 3840 quem
538 3767 560 3819 is
567 3765 809 3838 adoptavit,trana·
851 3771 896 3842 qui
909 3775 965 3823 rior's
979 3772 1085 3826 illorum
1096 3774 1224 3827 ethome
1240 3793 1267 3826 ee
1279 3813 1287 3838 ,
1297 3773 1357 3826 imi·

301 3853 409 3906 miaeum
430 3847 464 3902 ed
485 3864 653 3901 eurcemoree.
676 3849 807 3901 Antonini
851 3850 950 3904 tatione
965 3864 992 3904 et
1003 3851 1136 3905 societate.

300 3927 341 3979 Pii
358 3942 445 3982 autem
457 3947 559 3998 pmonn
572 3923 686 3988 (ahorne
700 3925 739 3978 Μ.
755 3929 806 3980 Au·
893 3929 958 3992 423.
974 3931 1129 3985 Memoriam
1143 3932 1237 3986 tribuit
1249 3933 1358 3994 Tibul,

301 4005 377 4067 retii,
388 4005 529 4060 Commodi
535 3998 638 4073 mous)
651 4006 703 4061 luit
712 4007 807 4072 Neron,
851 4027 901 4078 qur
913 4009 1067 4064 recordetur
1077 4012 1175 4083 priorie
1184 4029 1295 4083 pompe,
1303 4029 1356 4080 qua

302 4086 379 4156 cujus
391 4101 488 4136 nomen
504 4085 539 4138 ad
549 4085 692 4154 Traianum
703 4085 807 4149 lilium,
851 4105 963 4156 puerum
976 4089 1127 4146 Honorium
1138 4109 1199 4148 cum
1210 4102 1282 4160 patre
1291 4088 1355 4142 olim
