3034 4900
270 437 344 518 258
491 443 566 511 CL.
595 437 895 507 CLAUDIANI
922 421 1118 503 xxxvt'

266 579 422 653 Haeccine
441 577 506 644 vita
521 574 617 667 juvat
636 569 839 640 silvestribus
855 566 966 636 abdita
984 565 1111 654 lustris,

267 687 451 756 Indiscreta
469 678 566 750 feris?
582 677 679 746 Tales
700 701 802 771 quum
823 699 910 768 saepe
927 674 1072 768 parentis

265 791 460 864 Pertulerim
476 801 629 884 quastus,
644 783 779 854 tandem
798 780 991 851 clementior
1008 779 1081 850 orbi

268 900 420 971 Chaonio
440 897 540 966 statui
556 907 670 988 gentes
688 903 839 959 avertere
856 889 947 956 victu
964 911 971 952 :

266 1013 376 1102 Atque
396 1003 479 1074 adeo
498 1004 671 1085 Cererem,
689 1021 763 1092 quae
784 1019 873 1064 nunc
890 995 1005 1089 ignara
1024 991 1185 1060 malorum

268 1113 431 1185 Verberat
452 1109 559 1179 Idaeos
578 1122 674 1175 torva
694 1129 771 1173 cum
794 1116 898 1170 matre
917 1097 1046 1186 leones,

266 1227 331 1292 Per
349 1243 458 1305 mare,
474 1242 535 1311 per
554 1229 659 1283 terras
677 1209 775 1279 avido
796 1208 981 1278 discurrere
1001 1205 1091 1275 luctu
1308 1238 1332 1274 s„

269 1332 471 1410 Decretum,
491 1337 576 1390 nata
596 1319 702 1388 donec
724 1316 830 1384 laetata
852 1327 990 1409 repertae

267 1434 413 1516 Iudicio,
431 1429 554 1500 tribuat
574 1427 706 1520 fruges,
728 1445 911 1514 currusque
930 1419 1055 1488 feratur

268 1542 388 1627 Avius,
409 1541 538 1632 ignotas
559 1530 690 1628 populis
711 1552 884 1625 sparsurus
905 1528 1037 1610 aristas,

254 1651 312 1728 ¹Et
328 1647 408 1741 juga
426 1640 556 1713 caerulei
577 1639 717 1710 subeant
734 1639 845 1704 Actaea
863 1632 1032 1701 dracones.

266 1752 368 1844 Quod
387 1752 414 1821 si
433 1750 506 1844 quis
524 1746 637 1818 Cereri
655 1758 822 1838 raptorem
847 1737 987 1835 prodere
1006 1735 1131 1806 Divdm
1306 1764 1331 1802 ss

267 1859 416 1944 Audeat,
435 1856 565 1949 imperii
585 1850 726 1935 molem,
746 1870 927 1942 pacemque
946 1841 1145 1939 profiutdam

269 1967 429 2037 Obtestor
447 1985 576 2046 rerum,
595 1973 693 2026 natus
714 1954 792 2024 licet
811 1950 883 2038 ille,
902 1974 1056 2036 sororve,

267 2073 332 2142 vet
350 2071 471 2164 conjux
487 2067 603 2148 fiterit,
619 2076 814 2132 natarumve
832 2059 970 2154 agminis
989 2080 1071 2140 una,

268 2289 368 2343 dentur
374 2287 475 2340 diutius
483 2285 563 2337 etiam
571 2281 640 2332 hanc
650 2278 782 2332 rationem
826 2273 920 2345 patria.
928 2305 969 2315 —
977 2271 1086 2325 Chaonio
1096 2270 1187 2342 glande
1200 2273 1275 2324 Voss.
1291 2289 1333 2342 pr.

268 2369 425 2428 retinuisse,
449 2376 560 2436 propter
579 2377 658 2431 quam
681 2377 737 2412 rem
753 2359 782 2410 in
828 2353 1043 2416 adverteremus,
1055 2351 1132 2403 male.

270 2450 355 2502 veteri
369 2448 495 2509 oraculo,
511 2439 585 2516 quod
599 2440 682 2493 refert
696 2438 782 2491 Hero·
867 2435 914 2496 48.
928 2431 1011 2503 Atque
1022 2429 1074 2482 rideo
1085 2429 1148 2484 Atd.
1160 2430 1246 2483 Plant.
1259 2427 1333 2484 MSS.

269 2528 364 2591 dotue,
377 2529 407 2592 I,
421 2531 457 2579 66
467 2565 475 2590 ‚
487 2523 659 2594 designantur
675 2538 722 2588 per
738 2520 784 2584 βα-
868 2519 914 2583 49.
929 2508 970 2562 Ad
982 2522 1176 2562 mammonam
1185 2522 1212 2561 et
1221 2510 1334 2561 aliorum

268 2607 421 2679 λαπιγάγως
430 2600 783 2675 lodpae.Conl.Pauean.Ar·
826 2589 1101 2659 Deorum,Cybelen‚
1114 2588 1253 2640 salutatum
1267 2589 1335 2641 ierat

270 2688 329 2741 cad.
342 2708 363 2741 a.
381 2688 397 2739 8
414 2706 455 2757 pr.
467 2684 562 2737 AElian.
575 2681 652 2747 HN,
664 2696 700 2730 111
710 2713 718 2741 ‚
728 2676 782 2746 39,
826 2674 904 2724 Ceres
909 2667 1333 2737 ;bicattigit1dea,XXXIII,aoo:

268 2768 350 2819 Plura
366 2765 401 2818 da
416 2762 591 2833 βαλανηφαγίᾳ
604 2773 660 2811 turn
675 2756 783 2827 antiqua
825 2750 938 2802 hiccum
949 2760 1031 2799 matre
1038 2745 1160 2798 leonibus
1168 2746 1282 2799 rebitur.

271 2847 335 2911 illa,
351 2857 408 2897 turn
421 2844 504 2896 aetatis
513 2838 666 2913 posterioris
679 2836 783 2905 collegit
866 2828 908 2881 50.
934 2827 1014 2880 Anido
1033 2826 1116 2887 lucrm·
1135 2844 1231 2896 magno
1252 2826 1334 2881 Cerei

270 2926 371 2978 Meum.
389 2922 423 2976 ad
435 2922 569 2994 Lycopbr.
586 2918 648 2983 483.
660 2914 734 2968 Illud
749 2912 782 2967 td
825 2921 916 2961 moetta
927 2904 1059 2959 desiderio
1071 2904 1148 2970 filisa,
1163 2924 1221 2957 eam
1234 2921 1335 2977 qureret

272 3024 330 3058 rem
344 3017 462 3057 nostram
474 3002 592 3073 pertinet
606 2996 722 3059 addere,
735 2993 783 3046 de·
824 3006 873 3061 per
889 3000 974 3041 totum
986 2986 1079 3040 orbem
1091 2996 1230 3038 terrarum.

272 3087 345 3139 fectu
362 3082 465 3155 glandis
479 3095 504 3134 et
522 3079 614 3150 inopia
633 3074 783 3146 compulsos
868 3068 913 3131 54.
927 3068 1066 3128 Dracones,
1081 3077 1189 3117 vectura
1213 3066 1333 3131 Cereris,

272 3164 307 3217 ad
321 3164 507 3236 agriculturam
518 3159 655 3221 homines,
670 3152 783 3206 indicari
825 3150 872 3219 qui
894 3146 1029 3207 XXXIII,
1049 3162 1117 3209 roo,
1129 3146 1197 3212 fulvi
1218 3159 1334 3217 terpentes

271 3245 352 3298 etiam
364 3263 379 3297 a
393 3242 529 3313 Virgilio,
542 3239 640 3307 Georg,
653 3237 684 3297 Ι,
703 3237 767 3295 148,
825 3225 1335 3297 vocantur‚hiccaeruleimempeutrum·

329 3367 360 3379 ...
370 3337 487 3391 .qnumjm
495 3329 716 3387 glanduetqunrboto
724 3340 782 3367 ner·
825 3325 876 3378 que
891 3306 1129 3377 0010rem8qtlflmae
1141 3306 1193 3358 illm
1204 3307 1332 3358 referunt,

273 3406 568 3452 beneventan-‚omnm
577 3402 754 3449 mauringam.
825 3386 903 3439 Hunc
926 3404 1035 3439 currum
1059 3404 1136 3437 suum
1157 3383 1335 3438 commodarit

272 3470 783 3553 Contrapottinventaslruges,calami·
825 3465 904 3519 Ceres
916 3466 1081 3539 Triptolemo
1092 3466 1180 3517 Attico
1194 3484 1214 3517 e.
1231 3465 1330 3529 Actoeo,

273 3562 334 3615 totis
350 3575 377 3615 et
397 3559 472 3613 lamis
490 3552 637 3610 remedium
650 3567 781 3621 quercus,
825 3545 853 3598 in
863 3546 987 3598 Eleusine
997 3563 1066 3616 pago
1077 3544 1225 3608 habitanti,
1239 3557 1269 3596 ut
1278 3563 1334 3597 mu·

271 3642 369 3713 Georg.
393 3643 426 3706 I,
445 3638 516 3708 ¹⁵93
537 3646 582 3687 aut
603 3631 689 3684 stulta
714 3630 782 3681 facta
825 3644 874 3677 nus
889 3626 995 3695 frugum
1009 3624 1085 3677 terris
1103 3642 1134 3677 eo
1150 3624 1260 3676 celerius
1276 3624 1332 3677 leli·

272 3721 396 3775 ruditatis
405 3714 608 3780 indicium,Cic.
619 3710 723 3761 Orate.
731 3708 781 3772 IX,
824 3704 932 3775 eiusque
944 3704 1100 3775 impertiret.

275 3828 287 3849 ι
303 3803 369 3866 Qum
378 3812 418 3852 est
428 3797 538 3851 enimin
547 3790 700 3846 hominibus
708 3800 780 3844 tanta
866 3784 911 3837 55.
923 3785 1042 3849 Prodere,
1052 3781 1168 3835 indicare
1176 3802 1183 3846 ;
1192 3782 1333 3853 Virgilius

270 3880 452 3951 perversitas,
474 3889 506 3928 ut
525 3870 639 3926 inventis
659 3867 780 3939 frugibus
825 3866 887 3916 AEn.
903 3864 946 3928 ΙΙ,
964 3883 1033 3935 127,
1051 3889 1062 3911 ι
1077 3860 1193 3915 Prodere
1207 3880 1271 3914 voce
1287 3880 1332 3914 sua

268 3957 363 4029 glande
373 3954 530 4009 veroaotnr!
546 3979 557 3999 ι
824 3960 994 4015 quemquam,
1012 3956 1057 3997 ant
1069 3960 1204 4013 opponere
1218 3942 1306 3994 morti.
1318 3968 1329 3988 »

312 4043 358 4105 47.
374 4037 485 4087 Chaonia
497 4052 559 4104 pare
574 4029 668 4100 Epiri,
683 4027 710 4078 in
725 4042 778 4096 qua
823 4022 918 4076 Horat.
931 4050 942 4071 «
952 4025 1021 4079 risus
1031 4022 1167 4096 proditor,
1180 4019 1231 4075 Od.
1246 4022 1272 4085 1,
1285 4038 1330 4084 rx,

267 4130 307 4169 est
316 4112 599 4183 Dodono,quercuum
608 4119 634 4161 et
641 4104 778 4177 glandium
827 4122 858 4155 ar
874 4122 912 4173 sq.
925 4130 936 4149 ·
