3034 4900
298 466 374 552 3lro
543 463 767 530 NOTITIA
796 461 1083 529 LITERARIA

295 597 469 669 Claudiani
487 593 706 688 exemplaria,
727 594 861 686 antiqua
880 617 979 660 manu
998 608 1152 677 exarata,
1172 619 1209 664 se
1231 595 1365 666 ohule·

297 709 382 791 rint,
402 701 491 771 unde
511 715 629 796 poeta,
650 724 748 793 quem
775 702 807 766 in
830 696 951 767 osculis
970 699 1133 785 habehat,
1155 701 1370 771 convaluerit

293 835 362 908 Jam
377 808 495 904 plane,
509 822 568 875 aut
581 820 672 876 certe
687 803 792 874 multo
809 805 917 872 minus
932 829 1017 898 aeger
1031 807 1072 874 sit
1087 808 1260 899 praestitus.
1273 811 1366 877 Tum

298 942 378 988 vero
398 915 481 986 adeo
501 915 604 1008 gratia
627 911 797 996 valebam,
821 925 858 980 ut
880 909 1022 997 diceret,
1044 935 1121 980 suos
1141 928 1257 1007 poetas
1277 915 1367 984 milii

210 1039 220 1061 ⁸
297 1022 350 1091 vel
368 1022 572 1116 possessione
589 1016 641 1086 vel
664 1041 725 1084 usu
746 1017 840 1085 brevi
859 1015 974 1086 datum
992 1019 1040 1086 ivi.
1059 1017 1122 1086 Sed
1142 1041 1211 1087 nnn
1233 1043 1297 1115 ego
1320 1018 1368 1089 illi

297 1130 435 1199 nimium
458 1123 629 1208 credulus,
649 1123 774 1217 quippe
795 1145 954 1192 noveram
976 1124 1104 1218 ipsum,
1127 1149 1181 1194 me
1206 1127 1307 1196 etiam
1333 1126 1367 1194 id

297 1236 410 1306 aetatis.
430 1233 479 1301 Ut
499 1246 537 1299 ut
559 1231 618 1317 sit,
638 1229 709 1323 ejus
730 1227 930 1322 benignitate
951 1227 1003 1296 vel
1026 1254 1146 1323 opera,
1169 1246 1368 1302 contextum

299 1341 401 1410 nostri
419 1338 561 1406 auctoris
579 1337 612 1403 in
630 1334 790 1404 mundum
810 1333 1019 1428 reelegimus:
1036 1338 1234 1431 usiinsuper
1248 1321 1369 1408 codice

300 1445 511 1542 Gryphiano‚
522 1446 556 1511 in
572 1443 665 1534 cujus
681 1464 740 1509 ora
754 1440 862 1508 varias
876 1438 1033 1509 lectiones
1048 1440 1180 1511 aliunde
1195 1467 1367 1540 expresse·

299 1568 360 1622 rat.
374 1555 418 1618 At
432 1546 542 1617 triduo
553 1561 628 1641 post
641 1547 790 1641 repetiit,
803 1543 981 1640 aliquando
995 1548 1083 1616 enim
1101 1547 1142 1618 de
1160 1550 1227 1620 suis
1244 1548 1368 1645 vigiliis

297 1673 368 1728 erat
384 1657 516 1740 anxius,
535 1653 577 1722 ad
595 1677 699 1746 usque
716 1652 870 1722 umbram
889 1653 1092 1746 suspicionis.
1109 1655 1210 1742 Quod
1229 1657 1367 1724 minime

298 1767 416 1832 mirum
431 1788 438 1828 :
456 1785 532 1828 nam
548 1761 628 1828 etin
642 1759 695 1827 his
711 1757 878 1827 amoribus
892 1781 1048 1853 magnum
1066 1785 1152 1853 saepe
1165 1786 1185 1830 a
1199 1761 1293 1830 rivali
1308 1762 1366 1830 ali-

298 1897 365 1964 quo
376 1865 693 1963 periculumltaque
704 1879 781 1933 ante
793 1863 948 1952 lustrum,
959 1879 1017 1933 aut
1030 1865 1102 1959 plus
1116 1891 1171 1954 eo,
1185 1882 1221 1935 ut
1237 1869 1367 1952 rescivi,

299 1975 440 2045 eundem
455 1973 576 2042 librum
590 1997 660 2040 esse
673 1973 708 2040 in
719 1971 839 2040 Museo
855 1973 891 2038 V.
908 1973 947 2040 C.
963 1973 1004 2038 Η.
1019 1973 1184 2041 Picardtic'
1196 1971 1367 2068 splendide

299 2081 418 2150 eruditi
437 2095 471 2147 et
491 2079 645 2148 faventiae
665 2075 775 2172 pleni,
796 2075 838 2144 ad
859 2099 935 2144 eum
956 2076 1065 2145 volavi
1087 2078 1274 2167 curriculo,
1297 2082 1366 2148 voti

301 2189 382 2272 mei,
400 2199 439 2256 ut
459 2209 574 2279 mapsa
593 2184 723 2278 paruit,
742 2205 879 2276 compos
900 2182 1041 2252 futurus.
1063 2183 1191 2254 Exinde
1214 2185 1367 2280 prolecto

300 2292 455 2387 pleraque
468 2291 546 2358 olim
562 2286 749 2358 festinando
764 2289 929 2383 preterita
943 2313 1012 2356 non
1025 2291 1094 2358 sine
1109 2289 1282 2384 voluptate
1298 2291 1365 2361 col·

301 2400 423 2494 legi...
437 2399 474 2465 P.
490 2399 611 2467 Gnosis·
625 2393 745 2487 judicis
757 2392 898 2490 optimi,
920 2417 983 2465 nec
1002 2397 1094 2489 parvi
1115 2397 1202 2466 inter
1221 2397 1366 2468 literatos

300 2506 441 2573 nominis
458 2502 598 2572 Schedia
613 2516 651 2571 ut
666 2500 823 2595 placitum
841 2504 990 2595 inspexi:
1008 2526 1026 2569 e
1044 2504 1164 2595 quibus
1182 2506 1364 2573 auctarium

301 2614 379 2680 satis
392 2608 540 2702 amplum
556 2621 791 2701 representare
804 2609 913 2700 potui.
926 2660 932 2672 .
946 2660 951 2673 .
965 2630 1080 2676 omnes
1093 2612 1191 2677 edam
1205 2606 1366 2680 editiones

301 2720 370 2787 lere
388 2714 620 2797 delibavimus,
640 2737 701 2781 nec
720 2712 790 2781 ulla
805 2711 879 2780 freti
894 2714 1094 2804 conjectura.
1110 2744 1127 2779 n
1150 2719 1202 2784 De
1217 2716 1282 2785 hac
1298 2717 1362 2787 edi·

302 2826 390 2891 tione
403 2824 448 2889 ita
458 2823 557 2913 Casp.
565 2818 727 2887 Bartlu‘us
736 2820 769 2884 in
785 2816 976 2909 praefatione
991 2820 1143 2889 secunda
1157 2846 1242 2890 suae:
1258 2824 1363 2891 ‹vlnu-

301 2930 377 2998 dem
392 2927 591 3023 praecipuam
604 2936 760 3008 meretur,
769 2946 842 3016 quae
854 2948 894 2993 ex
905 2927 1092 3018 Cujacianis
1103 2924 1194 2996 libris
1207 2942 1242 2996 et
1255 2930 1364 2997 obser

302 3034 489 3104 vationibus
500 3056 520 3099 a
530 3030 698 3125 Stephano
709 3029 864 3099 Claverio
873 3034 1004 3101 Parisiis
1017 3033 1106 3101 edita
1119 3034 1152 3100 in
1167 3037 1246 3102 satis
1258 3032 1365 3128 ampla

303 3156 337 3209 et
349 3138 538 3233 splendida,
556 3136 655 3230 paulo
671 3150 746 3231 post
759 3159 780 3202 a
795 3134 962 3230 Scaligero
978 3140 1012 3207 in
1028 3140 1277 3209 minutissimam
1295 3140 1364 3209 for-

303 3265 409 3328 mum,
425 3242 497 3312 solo
509 3257 638 3325 tamen,
656 3255 694 3310 ut
706 3263 881 3328 vocamus,
896 3256 1005 3328 textu,
1019 3243 1169 3331 redacta,
1187 3260 1220 3315 et
1233 3270 1252 3313 a
1266 3244 1366 3315 Plan-

303 3351 434 3419 tinianis
452 3361 502 3417 est
515 3350 634 3440 sepius
650 3370 776 3416 recusa.
788 3350 906 3417 Totam
925 3349 1012 3418 hanc
1030 3350 1274 3445 corrigendam,
1290 3376 1366 3447 pro-

304 3456 472 3538 bandam,
499 3452 775 3537 examinandam,
803 3456 837 3522 in
868 3468 979 3523 nostra
1009 3455 1073 3525 hac
1103 3457 1368 3552 promulgatione

305 3561 547 3657 reponendam,
565 3559 757 3628 duximus»
778 3562 944 3629 Gesnerus
964 3561 1055 3630 addit
1073 3589 1080 3629 :
1099 3564 1159 3632 Est
1176 3566 1232 3657 qui
1250 3562 1368 3633 Clave-

305 3670 405 3739 rianae
427 3670 504 3736 huic
526 3666 661 3734 editioni
681 3662 844 3758 adjectum
867 3668 965 3735 etiam
985 3683 1147 3738 memoret
1165 3673 1217 3737 Jo.
1242 3672 1366 3739 Tomo-

305 3774 713 3870 mpoei=Commentarium
734 3772 777 3839 ad
795 3794 926 3839 carmen
945 3773 986 3841 dc
1002 3774 1053 3842 III
1074 3789 1110 3843 et
1126 3778 1176 3843 lv
1196 3774 1368 3843 consulatu

307 3881 455 3949 Honorii.
475 3882 515 3945 ln
533 3892 648 3947 nostro
664 3878 797 3971 quidem
814 3879 964 3972 exemplo
980 3878 1105 3948 nullum
1122 3881 1191 3973 ejus
1207 3884 1254 3950 tei
1268 3884 1366 3951 vesti-

307 3989 395 4078 gium
410 3982 707 4077 deprehendebam.
720 3982 846 4053 Floruit
859 3998 968 4053 nutem
982 4000 1185 4080 cotempore
1198 4001 1232 4056 et
1244 3989 1279 4054 in
1292 3988 1367 4055 Per-

306 4095 388 4159 sium
408 4103 503 4156 notas
520 4090 621 4156 edidit
638 4092 889 4182 'l'ornorupaeus
912 4094 1010 4160 Paris.
1037 4092 1143 4162 1601.
1167 4098 1199 4177 4.
1219 4119 1223 4127 ·
