3034 4900
384 523 451 592 DE
479 523 652 592 RAPTU
681 525 929 594 PROSERP.
958 526 1054 592 LIB.
1082 526 1109 593 1.
1202 547 1272 595 201

212 657 367 754 Opponit
386 669 506 724 namra
523 654 622 722 mari:
641 668 742 749 caput
763 653 840 723 inde
855 653 1001 748 Pachyni

214 763 355 859 Respuit
371 761 483 831 Ionias
499 762 666 855 praetentis
684 761 824 856 rupibus
842 762 916 830 iras.

214 872 304 940 Hinc
324 868 423 939 latrat
440 866 570 937 Gaetula
587 867 728 962 Thetys,
747 865 957 962 Iilybaeaque
977 865 1087 961 pulsat

214 975 354 1046 Brachia
373 997 594 1070 consurgens;
612 974 691 1044 binc
709 973 886 1068 dedignata
906 974 1012 1043 teneri

215 1083 376 1154 Concutit
392 1080 558 1174 objectum
577 1080 683 1150 rabies
699 1081 870 1175 Tyrrhena
889 1078 1053 1149 Pelorum.
1194 1130 1197 1142 .
1244 1111 1280 1149 ιε.
1342 1143 1349 1158 ,

215 1191 258 1258 In
280 1188 389 1257 medio
407 1186 551 1283 scopulis
573 1212 608 1256 se
629 1187 772 1283 porrigit
788 1189 887 1256 AEtna
904 1187 1068 1282 perustis3

215 1296 316 1364 AEtna
335 1295 518 1390 Giganteos
539 1318 709 1390 nunquam
731 1295 873 1364 tacitura
893 1292 1098 1388 triumphos,

215 1399 374 1472 Enceladi
395 1401 549 1487 bustum,
567 1402 624 1495 qui
645 1401 760 1470 saucia·
777 1414 870 1496 terga
890 1401 1058 1470 revinctus

216 1508 330 1602 Spirat
343 1507 576 1576 inexhaustum
597 1507 750 1602 flagranti
768 1521 904 1602 pectore
921 1505 1044 1594 sulfur3

215 1616 262 1682 Et
280 1614 408 1708 quoties
426 1612 588 1684 detrectat
608 1639 692 1683 onus
711 1613 839 1683 cervice
860 1610 974 1682 rebelli

213 1721 258 1788 In
276 1719 446 1808 dextrum,
466 1715 627 1789 laevumve
645 1719 748 1807 latus,
769 1735 849 1788 tunc
867 1717 973 1790 insula
991 1717 1100 1789 fundo

216 1824 373 1914 Vellitur‚
393 1841 427 1896 et
448 1825 556 1896 dubiae
574 1841 694 1895 nutant
711 1851 787 1896 cum
806 1826 971 1896 moenibus
987 1825 1098 1896 urbes

270 1934 413 2002 AEtnaeos
435 1933 545 2027 apic'es
565 1930 636 2002 solo
658 1957 857 2028 cognoscere
875 1934 968 2019 visu,
1029 1939 1034 1948 '

215 2039 294 2108 Non
312 2039 404 2108 aditu
424 2053 572 2138 tentare,
593 2038 688 2109 licet:
708 2063 786 2136 pars
805 2054 923 2110 eaetera
940 2037 1074 2107 frondet

215 2145 422 2233 Arboribus;
442 2147 561 2215 teritur
577 2141 669 2215 nullo
688 2144 816 2219 cultore
837 2169 1006 2215 cacumen.
1247 2175 1283 2212 ιε.

218 2249 320 2319 Nunc
339 2253 444 2320 vomit
465 2251 636 2346 indigenas
653 2252 803 2338 nimbos,
821 2254 978 2346 piceaque
1000 2261 1175 2345 gravatum

220 2460 250 2495 ea
271 2441 397 2509 notione,
417 2463 470 2516 qua
491 2443 571 2497 sulcus
592 2442 728 2499 interdum
817 2442 880 2498 151.
901 2443 957 2510 Qni
976 2442 1098 2497 conferre
1117 2443 1187 2495 inter
1207 2460 1235 2493 se
1258 2453 1286 2494 et

219 2522 379 2597 eminentem
390 2524 461 2577 inter
472 2524 554 2577 fossas
564 2542 611 2579 seu
624 2526 729 2578 lacunas
773 2537 912 2598 poetarum
923 2536 1044 2578 veterum
1057 2536 1084 2578 et
1095 2522 1285 2576 historicorum

217 2600 284 2657 dnas
298 2616 413 2657 tractum
426 2604 572 2675 significat,
586 2602 728 2658 ntPallad.
772 2623 920 2675 grecorum
951 2604 1051 2677 pariter
1086 2616 1113 2656 et
1140 2601 1286 2655 latinorum

217 2682 297 2736 Mart.
314 2684 371 2749 IX,
388 2701 438 2750 11,
452 2697 480 2737 et
495 2684 592 2756 Georg.
609 2686 639 2750 1,
663 2684 729 2739 113.
773 2683 965 2755 descriptiones
974 2687 1060 2737 AEtnse
1069 2681 1199 2748 voluerit,
1211 2694 1237 2734 et
1246 2682 1286 2734 in·

217 2762 308 2817 Placet
317 2763 363 2817 bic
374 2760 471 2817 diserte
482 2782 599 2835 ponere,
613 2762 689 2835 qnod
701 2764 730 2820 in
773 2766 851 2835 genio
863 2763 927 2819 inde
940 2764 1068 2835 pabulum
1082 2780 1245 2834 procurare,
1256 2762 1288 2813 il·

218 2842 361 2896 Tliesauris
376 2844 505 2896 omissam
520 2842 608 2897 video.
628 2844 731 2911 Sulcus,
773 2845 829 2896 lum
853 2844 957 2915 juvabit
981 2844 1122 2897 Cluverius
1143 2842 1173 2895 in
1195 2841 1286 2895 Sicilia

218 2922 305 2988 bade,
332 2934 432 2976 tractus
457 2936 516 2989 est,
539 2923 675 2995 speciatim
701 2924 730 2977 in
774 2924 836 2977 Vet.
852 2924 881 2989 1,
899 2926 925 2977 8.
940 2921 1159 2995 copiosissimum
1170 2921 1288 2975 estCor·

218 3002 305 3069 arvis,
320 3000 438 3056 directus
448 3043 456 3071 ‚
467 3004 544 3074 cnjus
555 3016 643 3075 partes
652 3002 729 3067 dure,
773 3004 836 3057 nelii
851 3002 942 3057 Severi
957 3000 992 3056 de
1004 3006 1084 3057 AEtna
1096 3020 1213 3056 carmen.

218 3082 319 3145 lam,
332 3082 475 3155 depressa,
490 3094 517 3135 et
531 3088 592 3135 stria
607 3104 628 3136 s.
638 3102 730 3154 porca,
819 3082 882 3137 153.
897 3085 965 3149 Qnse
974 3082 1019 3136 bic
1031 3082 1066 3135 de
1077 3078 1212 3135 Encelado
1221 3097 1285 3131 nar·

217 3162 345 3215 eminens.
371 3160 425 3215 Sed
447 3162 582 3217 interdum
602 3162 731 3234 generalis
774 3161 968 3228 rantur,eade
976 3162 1108 3235 Typhoeo
1117 3153 1196 3214 Pind.
1205 3158 1286 3229 Pytb.

216 3241 360 3313 appellatio
382 3244 466 3314 magis
483 3241 517 3295 ad
538 3242 731 3315 depressiorem
775 3246 815 3308 A,
830 3263 866 3312 ²9
879 3260 1011 3315 eq.qnem
1025 3253 1174 3314 sequuntur
1186 3239 1307 3311 plures.=

217 3333 340 3391 partem,
355 3320 492 3376 interdurn
508 3321 542 3375 ad
558 3323 680 3376 altiorem
692 3341 733 3376 re·
774 3322 852 3375 Tales
871 3322 1037 3375 diversitates
1056 3322 1085 3374 in
1104 3321 1191 3392 poetis
1207 3337 1287 3371 nemo

218 3396 312 3473 'stringi
343 3400 458 3455 videtur.
491 3400 554 3455 Haec
586 3403 731 3457 rariuscnle
774 3401 898 3455 miratur.
926 3404 1025 3456 Noster
1056 3415 1178 3455 auctores
1207 3400 1287 3453 babet

218 3481 353 3548 ratloest,
369 3495 442 3536 eteo
456 3482 537 3553 magis
551 3480 731 3548 observanda,
775 3482 936 3553 Virgilium
952 3484 1015 3535 AEn.
1031 3482 1086 3548 111,
1113 3481 1187 3552 578,
1208 3479 1287 3532 alios·

220 3560 280 3630 qnia
302 3560 389 3626 bisulci
415 3576 442 3616 et
461 3562 553 3614 resuta·
574 3562 732 3634 significatio
775 3556 1312 3636 que.ct.vn.159-rsr;xxrtV‚‚

222 3638 283 3692 inde
294 3640 404 3711 pendet.
779 3642 833 3698 158
842 3682 851 3708 ,
864 3642 1011 3716 praesertim
1026 3642 1163 3706 xxxvl,
1180 3638 1247 3692 350.

266 3722 326 3781 148.
337 3722 376 3775 De
385 3720 470 3775 verbo
479 3722 555 3773 lutm
563 3719 618 3775 vid.
628 3721 732 3789 xxxl,
820 3721 884 3791 159.
894 3722 952 3776 Non
964 3722 1048 3774 aditu:
1057 3740 1072 3773 a
1080 3719 1194 3773 flammis
1202 3736 1291 3774 erum·

222 3802 270 3853 61.
288 3799 386 3854 Gutula
403 3802 505 3873 Thetys,
516 3820 589 3855 mare
601 3800 674 3873 qnod
685 3802 732 3854 Li·
775 3803 900 3875 pentibus
914 3798 1032 3855 timenda
1051 3812 1121 3854 certa
1143 3815 1234 3851 mors:
1251 3797 1288 3853 sic

217 3879 301 3949 byam
314 3900 336 3933 s.
350 3882 466 3935 Africam
486 3881 562 3934 alluit
581 3884 656 3953 cujus
669 3900 731 3953 par·
775 3882 856 3955 periit
871 3881 991 3945 Plinius,
1005 3878 1071 3931 dum
1090 3879 1201 3950 propius
1218 3875 1290 3929 invi-

218 3972 274 4011 tem
300 3960 398 4014 habent
424 3960 533 4015 Gaetuli.
558 3962 666 4014 Brachia
686 3960 731 4015 hie
776 3973 846 4014 seret
854 3960 1000 4013 Vesuvium
1010 3957 1161 4031 Campaniae
1170 3970 1288 4011 montem

215 4050 297 4103 sunt,
312 4060 370 4117 quse
386 4042 468 4097 etiam
483 4042 575 4111 lingua
588 4052 730 4104 vocantur,
776 4042 850 4113 ignes
863 4050 1039 4093 evomentem.
1144 4029 1149 4042 ⁹

217 4130 304 4189 partes
328 4132 406 4175 terras
432 4122 598 4195 aliquantum
618 4139 731 4193 procur·
822 4125 886 4174 161.
911 4119 1043 4190 Indigenas
1065 4117 1179 4191 eleganti
1207 4128 1290 4169 meta·

216 4204 302 4255 t'entes
315 4200 344 4253 in
359 4218 444 4253 mare.
776 4200 878 4271 phora,
892 4197 964 4271 apnd
975 4217 1018 4262 se,
1030 4199 1073 4253 vel
1084 4198 1153 4252 intr·
1164 4196 1292 4266 sepotlua
