3034 4900
295 470 369 557 342
553 473 782 542 NOTITIA
810 475 1101 543 LITERARIA

351 601 458 673 1612.
474 603 609 674 Bartlrii
619 607 652 691 l,
667 608 850 688 Hanovioe,
870 604 902 674 8.
919 629 994 673 cum
1009 605 1354 680 animadversionibus

293 712 332 779 C.
346 711 496 796 Bartae,
512 711 547 778 in
558 708 965 805 bibliopolioWillieriano.
979 713 1032 780 De
1046 735 1112 806 qua
1126 714 1244 808 ipsein
1258 718 1351 809 praef.

241 848 253 900 ¹.
290 814 969 887 Anmadversionum2«solaml>ulmanni
978 816 1154 888 editionem
1166 819 1352 916 ann.1596

222 996 237 1008 ..
291 944 441 992 recusam
455 924 558 992 secuti
570 923 603 990 in
614 921 821 992 emendando
831 937 967 993 auctore
977 948 1217 1018 sumus‚quam
1229 941 1262 995 et
1273 952 1352 996 eum
1492 969 1493 996 l

179 1036 194 1068 ⁵
290 1028 443 1097 omnibus
462 1029 550 1098 vitiis
573 1043 605 1096 et
625 1029 803 1098 virtutibus
823 1030 857 1096 in
880 1043 972 1098 textu
992 1030 1238 1124 exprimendam
1255 1033 1351 1125 jussi-
1492 1053 1493 1128 ξ

289 1157 387 1220 mus,
409 1149 447 1203 ut
468 1149 633 1205 constaret
654 1133 770 1204 lectori
796 1136 905 1230 potius
930 1160 970 1203 ex
997 1135 1351 1224 animadversionibus,
1492 1177 1493 1210 1

288 1261 388 1332 quam
410 1265 486 1309 cum
508 1239 655 1335 periculo
674 1242 858 1336 scriptoris,
876 1239 955 1334 quid
972 1242 1204 1336 corrigendum
1225 1257 1260 1311 et
1278 1270 1351 1313 mu·
1492 1229 1493 1288 l

288 1343 425 1415 tandum
439 1371 648 1416 censeremus
662 1388 715 1398 —
728 1345 903 1415 Pulmanni
918 1345 1017 1416 fidem
1032 1347 1065 1415 in
1078 1347 1173 1417 MSS.
1189 1346 1349 1419 librorum

209 1515 212 1519 .
287 1447 482 1522 lectionibus
496 1452 719 1548 proponendis
732 1453 836 1522 secuti
847 1477 1019 1522 111111111-
1028 1454 1165 1524 Msstos
1178 1453 1260 1525 alios
1269 1481 1347 1524 con·
1492 1497 1493 1554 p

287 1547 462 1626 ferre'non
482 1558 584 1627 libuit.
605 1560 692 1627 Nam
718 1559 744 1627 si
766 1573 816 1628 tot
835 1557 881 1627 illi
904 1556 985 1627 nihil
1007 1573 1187 1653 potuerunt
1206 1558 1349 1631 melioris

286 1676 372 1731 notae
391 1662 537 1752 adferre,
555 1663 643 1732 unde
663 1663 838 1735 Claudiani
859 1666 1001 1759 insignes
1019 1667 1103 1733 noevi
1123 1665 1347 1736 emaculareo-
1492 1703 1493 1730 1

285 1781 351 1856 tur,
362 1790 604 1862 supervacuum
617 1771 796 1840 arbitratus
808 1795 896 1854 sum,
909 1771 1011 1840 bonas
1023 1770 1123 1840 horas
1136 1773 1170 1840 in
1184 1773 1280 1842 unius
1289 1772 1346 1842 ali-

285 1876 379 1970 cujus
390 1877 479 1948 Msti
493 1875 668 1947 collatione
682 1902 904 1971 corrumpere.
921 1907 938 1942 n
956 1875 1059 1945 Aliter
1071 1890 1148 1974 post
1161 1881 1346 1947 XXXVIII
1492 1857 1493 1896 ³

284 2003 389 2054 annos
404 2001 438 2056 et
448 1982 609 2075 judicavit
621 1997 655 2052 et
669 1985 737 2078 egit
749 1984 783 2050 in
798 1982 847 2051 ed.
862 1986 895 2051 II
909 2006 967 2052 sua
980 2001 1055 2050 ann.
1072 1981 1169 2054 1660
1181 1984 1343 2053 Barthius.

342 2089 452 2161 1612.
471 2089 597 2158 Eadem
615 2089 717 2158 editio
736 2112 851 2158 recusa
870 2093 1019 2174 Bremoe,
1040 2088 1073 2160 8.
1091 2113 1144 2184 ap.
1164 2093 1342 2159 Housman.

286 2189 413 2283 (novus
433 2188 579 2284 titulus.)

340 2306 449 2377 1612.
472 2304 632 2386 Genevae,
659 2301 692 2370 8.

340 2412 447 2483 1611.
472 2409 541 2480 Col.
562 2404 697 2478 Allobr.
724 2407 757 2477 8.
780 2431 800 2475 a
820 2404 1012 2476 Pulmanno.

150 2604 154 2609 .
339 2517 447 2589 1613.
472 2517 587 2585 Colon.
615 2540 669 2582 12.
695 2511 862 2607 diligentia
882 2513 1006 2582 Theod.
1033 2512 1229 2599 Pulmanni,
1253 2518 1340 2611 apud

281 2627 378 2720 Casp.
401 2620 565 2693 Bellerum
588 2614 693 2709 (Haeo
714 2632 748 2687 et
768 2617 957 2713 praecedens
981 2644 1046 2689 una
1068 2618 1248 2714 eademque
1270 2647 1338 2693 esse

279 2726 460 2820 videntur).

338 2835 442 2906 1616.
467 2858 523 2903 12.
545 2856 598 2926 ap.
623 2830 761 2899 Plantin.

338 2940 443 3013 1616.
463 2944 577 3009 Pares.
599 2941 658 3023 24.
677 2962 719 3005 ex
735 2935 964 3006 emendatione
982 2939 1128 3007 virorum
1145 2939 1335 3025 doctorum,

277 3074 328 3145 ap.
345 3051 549 3140 Sauleeque.
567 3048 729 3138 Expressa
751 3043 879 3112 videtur
895 3070 935 3112 er
953 3042 1231 3139 Raphelengiana.
1344 3118 1349 3129 ,

336 3154 443 3249 1617.
460 3155 561 3222 Arato.
580 3151 613 3220 8.
631 3150 756 3219 Theod.
773 3151 959 3219 Palmanm'
971 3149 1136 3245 diligentia
1151 3153 1335 3235 restitutus,

276 3276 309 3329 et
324 3282 344 3329 a
357 3261 463 3327 Marc.
479 3262 555 3325 Ant.
571 3255 685 3325 Delrio
703 3256 790 3325 notis
808 3255 996 3325 illustratus.
1018 3258 1078 3349 Ap.
1099 3258 1233 3327 Hieron.
1252 3262 1333 3327 Ver·

274 3366 398 3435 diessen
411 3378 447 3432 et
462 3364 613 3437 Plateam
1243 3434 1246 3439 ,

333 3470 440 3542 1618.
453 3466 503 3538 Cl.
517 3465 690 3537 Claudiani
703 3468 812 3537 Poeta
827 3490 928 3563 opera
939 3468 1052 3536 omnia
1065 3482 1098 3536 et
1112 3470 1229 3537 Avieni
1242 3471 1333 3540 AEso-

216 3630 221 3633 -
272 3580 421 3671 picarum
441 3573 539 3646 fabul.
559 3571 650 3642 liber.
669 3576 786 3643 Duaci.
810 3573 843 3644 8.

330 3680 439 3777 1619.
455 3679 627 3751 Claudiani
638 3678 793 3765 Phoenix,
804 3678 845 3747 de
860 3676 1005 3747 Phaleris
1020 3680 1103 3773 Eqm
1120 3682 1277 3767 Honorii,
1290 3682 1331 3751 de
1414 3634 1420 3643 ¹

243 3814 249 3819 ·
271 3787 427 3857 Mulabus
438 3785 781 3881 gallicis‚Histrix‚de
792 3782 965 3879 Crystallo,
973 3784 1126 3879 Torpedo
1136 3800 1171 3854 et
1179 3786 1331 3883 Magnes,

271 3907 400 3962 exstant
414 3896 447 3960 io
463 3896 561 3985 Casp.
578 3893 747 3962 Dormit
763 3890 1012 3985 Amphitheatro
1030 3892 1197 3985 sapientiae
1214 3894 1331 3963 Socra-

271 4002 344 4069 ticae
357 3999 535 4091 jocoseriae.
549 4000 642 4064 Tom.
664 3998 680 4063 I
698 4012 731 4064 et
748 3998 791 4063 Il.
812 3997 986 4082 Hanoviae,
1007 3995 1060 4065 fol.
1244 4056 1249 4065 .

327 4102 433 4175 1620.
453 4106 556 4172 Basil.
575 4102 629 4171 16.
647 4101 711 4169 Iul.
727 4104 808 4169 Caes.
828 4104 1008 4197 Scaligem',
1033 4103 1164 4173 Adriani
1184 4106 1331 4175 aternebc·
