3034 4900
296 431 367 524 194
508 425 582 494 CL.
611 422 913 494 CLAUDIANI
939 412 1150 522 xxxllts

290 560 545 643 possesorem,
564 554 696 625 dabitur
718 555 883 647 conjux.»
905 554 971 622 Vix
989 550 1045 620 illa
1063 577 1071 620 :
1092 556 1263 650 pepercit,

289 666 496 760 Erubuitque
515 685 646 760 preces,
665 661 848 755 animisque
866 657 1031 754 relanguit
1047 673 1159 748 atrox,

291 773 451 862 Quamvis
471 767 620 838 indocilis
641 768 737 838 flecti.
755 769 831 837 Ceu
843 765 976 837 turbine
993 764 1095 836 rauco

291 881 405 968 Quum
427 877 536 973 gravis
554 889 701 944 armatur
718 877 855 959 Boreas,
874 871 1042 968 glacieque
1058 872 1158 942 nivali
1327 921 1359 960 r·

291 983 447 1080 Hispidus
465 997 499 1052 et
516 983 633 1052 Getica
647 996 821 1051 concretus
837 978 998 1075 grandine
1016 1003 1157 1073 pennas,

291 1091 380 1161 Bella
398 1092 505 1184 cupit,
523 1087 677 1184 pelagus,
695 1087 810 1175 silvas,
828 1109 1029 1182 camposque
1044 1111 1164 1156 sonoro

292 1196 437 1266 Flamine
458 1210 637 1289 rapturus:
657 1195 683 1263 si
700 1194 786 1263 forte
807 1193 965 1263 adversus
982 1194 1106 1262 ahenos

292 1303 404 1373 AEolus
423 1301 545 1395 objecit
561 1315 690 1395 postes,
702 1302 850 1371 vanescit
867 1301 973 1368 inanis

292 1413 457 1504 impetus,
479 1421 512 1476 et
532 1407 644 1476 fractae
666 1407 807 1476 redeunt
827 1408 861 1475 in
880 1405 1022 1476 claustra
1039 1405 1201 1501 procelle.
1325 1439 1358 1491 ,s

346 1519 430 1584 Tum
450 1515 540 1583 Maia
562 1515 724 1608 genitum,
742 1515 800 1608 qui
819 1513 946 1583 fervida
968 1511 1056 1581 dicta
1074 1529 1240 1608 reportet,

293 1625 440 1716 Imperat
458 1619 567 1688 acciri.
587 1618 755 1713 Cyllenius
774 1619 901 1692 adstitit
917 1617 1004 1707 ales,

293 1727 511 1808 somniferam
532 1728 681 1820 quatiens
701 1727 851 1821 virgam,
867 1740 1039 1819 tectusque
1062 1725 1182 1821 galero.

294 1837 369 1930 lpse
388 1831 462 1902 rudi
482 1831 583 1902 fultus
601 1829 699 1918 solio,
720 1834 880 1929 nigraque
900 1829 1064 1900 verendus

294 1941 466 2036 Majestate
485 1937 600 2008 sedet:
624 1937 775 2033 squalent
794 1939 949 2008 immania
972 1936 1061 2006 foedo

293 2049 432 2142 Sceptra
449 2048 529 2131 situ3
549 2044 686 2115 sublime
705 2060 807 2142 caput
823 2045 1024 2114 mestissima
1042 2043 1146 2113 nubes

292 2157 448 2250 Asperat,
471 2166 505 2221 et
524 2151 603 2221 dirae
624 2154 708 2248 riget
729 2150 938 2222 inclementia
959 2151 1082 2221 formae.

334 2329 379 2396 67.
397 2325 450 2378 Vn
460 2321 562 2376 dixerat
572 2321 617 2374 itta
627 2323 802 2376 Lachesimt
848 2327 959 2387 rus,Dt.
975 2343 1011 2386 ο,
1024 2321 1136 2386 semet
1149 2315 1200 2374 Od.
1213 2343 1248 2387 u,
1265 2323 1357 2392 aare

292 2407 380 2461 statim
391 2405 469 2458 Pluto
477 2405 589 2475 pepercit.
848 2397 876 2454 d·
892 2399 987 2474 ἀνδρῶν
1002 2403 1106 2473 ὄμματα
1115 2401 1209 2473 turn,
1220 2382 1257 2456 tls
1272 2405 1355 2465 trites,

335 2490 380 2540 68.
399 2482 508 2537 Erubuit
518 2502 598 2554 preces
613 2482 709 2546 Pluto,
723 2496 749 2535 et
765 2484 803 2536 ita
846 2482 903 2543 τοὺς
919 2478 945 2535 d’
958 2478 1017 2535 edre
1033 2482 1076 2537 καὶ
1086 2483 1229 2544 ὑπνώοντας
1243 2484 1353 2555 ἰγοίροι.ι

294 2564 374 2627 tollit,
393 2566 433 2618 vel
450 2556 547 2616 minuit
562 2576 633 2616 certe
651 2562 732 2615 Poeta
751 2562 803 2617 cri·
887 2580 935 2632 79.
950 2562 1032 2632 Nigra
1047 2565 1185 2633 majestate,
1201 2581 1265 2615 nam
1276 2564 1356 2615 Pluto

295 2666 369 2703 men.
386 2642 459 2717 quod
477 2642 529 2714 ipsi
549 2643 708 2715 impegimus
726 2642 760 2695 ad
775 2662 802 2694 r.
846 2643 917 2695 Deus
939 2642 1014 2713 niger
1032 2653 1089 2700 est.
1111 2655 1138 2694 et
1158 2642 1241 2713 nigris
1263 2640 1356 2716 hostiis

295 2726 340 2779 50.
363 2726 466 2795 Nempe
489 2724 526 2775 sie
549 2724 694 2795 imperator
716 2734 804 2794 potest
844 2721 998 2791 placandus.

185 2859 191 2875 ,
290 2805 412 2876 jugulum
432 2803 552 2874 prebere
569 2803 709 2855 rebellanti
728 2822 803 2857 ener-
887 2802 1152 2872 8o.Majestasetiam
1168 2799 1202 2854 ad
1214 2802 1354 2854 horrorem

291 2884 366 2937 citui.
844 2879 976 2952 pertinet,
986 2894 1017 2935 ut
1028 2881 1091 2935 Stat.
1104 2873 1190 2936 Theb.
1202 2882 1355 2952 v11,47s,

334 2980 380 3033 7¹·
409 2942 512 3013 Penuai.
535 2961 624 3039 Poetis
645 2962 731 3015 ventis
754 2962 802 3015 tri-
844 2958 1172 3025 deJocesta‚Ewnenr'dam
1183 2956 1354 3025 (Furiarum)

292 3045 380 3097 buunt
395 3059 495 3114 pennas
512 3040 548 3093 ob
562 3040 741 3105 celeritatem
755 3040 803 3094 sed
844 3041 912 3093 velut
933 3044 1098 3113 antiquissime
1120 3044 1199 3113 portis
1219 3042 1355 3111 Egreditur

292 3136 319 3177 ct
333 3135 426 3176 ventos
442 3134 473 3173 ut
487 3120 608 3173 homines
618 3120 803 3189 turbulentos,
845 3120 934 3191 magna
954 3140 1006 3172 cum
1026 3124 1149 3191 majestate
1168 3123 1293 3174 malornm.
1310 3120 1354 3175 Sic

291 3203 382 3256 buccis
400 3200 514 3269 inflatis,
531 3214 557 3254 et
571 3202 669 3267 barlsa,
690 3200 801 3272 aliisque
843 3200 923 3253 etiam
936 3200 1069 3264 oenndrn,
1087 3202 1204 3267 XXXV,
1218 3203 1283 3272 195.

291 3282 411 3353 partibus
423 3280 548 3352 preditos
562 3279 719 3351 depingunt.
885 3283 933 3335 81.
945 3281 1053 3352 Sceptra.
1064 3281 1202 3353 sceptrum
1211 3280 1351 3353 proprium

333 3364 380 3431 76.
393 3360 462 3411 Maia
471 3366 590 3429 genitum,
606 3360 719 3413 Atlantis
729 3360 801 3428 lilia,
842 3360 918 3413 Jovis
931 3372 985 3426 est,
1001 3374 1028 3414 et
1040 3380 1132 3433 regum
1143 3362 1189 3431 qui
1199 3357 1274 3411 Joiis
1292 3378 1354 3431 per·

291 3438 468 3502 Mercurium,
481 3439 612 3509 Cyllenium
621 3456 636 3491 a
646 3452 737 3493 monte
749 3442 800 3493 Ar·
842 3459 934 3493 sonam
944 3441 1083 3513 vicemque
1095 3440 1238 3503 sustinent;
1250 3436 1352 3491 dicitnr

290 3518 373 3574 cedis
387 3518 427 3571 illi
444 3536 518 3571 sacro
534 3516 643 3572 dictum.
664 3520 715 3573 Hie
727 3521 800 3574 enim
844 3526 984 3591 σκῆπτρον,
997 3522 1098 3573 ἀπὸτοῦ
1119 3518 1291 3586 essirrsetet,
1308 3518 1351 3571 in·

289 3598 417 3670 διάκτορος
436 3611 475 3651 est
491 3609 518 3650 et
534 3598 718 3655 internuncius
738 3600 799 3672 qui-
842 3600 907 3664 riti,
922 3600 1093 3666 incumbere,
1116 3595 1190 3671 quod
1206 3598 1259 3650 hoc
1276 3618 1352 3671 reges

290 3680 352 3735 darn
373 3682 464 3750 superis
483 3678 609 3744 Deorum,
627 3690 658 3731 ut
675 3691 715 3733 est
731 3680 799 3735 Hor.
842 3680 1038 3746 inniterentur,
1060 3680 1131 3733 velut
1150 3679 1244 3732 hesta:
1268 3678 1351 3731 immo

290 3763 351 3815 Car.
377 3762 408 3825 1,
431 3778 464 3824 x,
490 3776 544 3829 19,
566 3758 659 3813 Gratus
689 3772 713 3811 et
736 3764 798 3814 imis.
841 3773 976 3831 sceptrum
985 3760 1049 3813 olim
1063 3771 1119 3813 eret
1128 3760 1210 3812 hasta.

288 3842 349 3911 Ipse
362 3838 459 3892 Noster
471 3837 602 3904 declarat,
614 3858 639 3893 r.
659 3844 693 3908 89
709 3857 747 3910 sq.
883 3842 929 3893 ss.
946 3841 1060 3911 Aspemt.
1078 3840 1248 3910 Asperiorem
1264 3836 1353 3892 reddit

329 3918 377 3988 78.
387 3918 521 3985 Sommfim
531 3932 571 3973 est
576 3920 704 3973 Mercurii
712 3921 798 3990 virga,
840 3932 919 3990 atque
930 3922 1097 3973 atrociorem.
1104 3920 1232 3990 -Ilr'get
1242 3918 1351 3977 Seneca,

288 3994 330 4051 vel
353 3994 502 4063 reducens,
526 4019 581 4053 non
605 4001 692 4053 minus
717 4011 797 4070 quam
845 4025 856 4045 ι
873 3998 963 4051 vultus
976 4012 1016 4053 eet
1029 3999 1069 4053 illi
1089 3999 1180 4062 Joris,
1194 3996 1242 4053 sed
1262 3994 1350 4051 falmi-

244 4086 247 4101 '
286 4072 430 4132 excitandis
443 4076 597 4133 hominibus
612 4091 680 4151 apte.
698 4078 796 4131 Home·
840 4078 936 4131 nantis.
950 4105 962 4125 ι
