3034 4900
326 503 394 569 DE
423 501 573 570 CONS.
600 503 824 570 STlLICH.
853 505 947 571 LIB.
977 507 1050 572 111.
1199 533 1223 599 9

157 635 341 727 Suscepcre
359 631 501 720 ducem,
516 657 578 701 nec
594 657 696 727 quum
710 633 848 703 cedente
862 635 983 704 rediret

158 739 329 807 Fabricius
349 739 501 832 Pyrrho,
515 763 576 808 nec
595 763 697 833 quum
718 739 881 835 Capitolia
900 767 999 810 curru

160 843 285 914 Pellaeae
300 843 450 914 domitor
465 844 586 914 Paulus
603 845 839 915 conscenderet
855 845 946 916 aulae.

161 951 231 1020 Noc
247 950 364 1020 similis
380 952 491 1020 latias
509 951 665 1047 patefecit
680 949 785 1045 gloria
803 967 935 1046 portas,

161 1057 239 1125 Post
253 1056 418 1126 Numidas
436 1059 563 1146 Mario,
576 1071 651 1152 post
670 1055 804 1126 classica
822 1061 939 1127 Martis
955 1061 1017 1128 Eoi
1199 1084 1224 1120 ιι

160 1163 322 1257 Pompeio
339 1189 347 1229 :
367 1161 450 1230 nulli
465 1187 544 1258 pars
561 1163 678 1232 aemula
693 1163 798 1232 defuit
816 1188 979 1258 unquam,

159 1269 246 1356 Quae
264 1271 376 1362 gravis
396 1269 603 1363 obstreperet
617 1268 746 1355 laudm,
760 1268 965 1364 stimulisque
982 1270 1131 1365 malignis

157 1375 260 1443 Facta
278 1375 489 1468 sequebatur,
509 1377 658 1469 quamvis
676 1377 836 1469 ingentia,
856 1375 958 1446 livor:

159 1479 258 1548 Solus
276 1481 333 1550 hic
356 1481 486 1550 invidiae
506 1480 589 1550 fines
609 1483 731 1550 virtute
749 1480 897 1575 reliquit,

158 1587 420 1680 Humanumque
438 1586 596 1674 modum3
614 1587 687 1681 quis
704 1587 794 1655 enim
811 1586 967 1657 livescere
983 1590 1105 1684 possit,
1194 1613 1221 1656 to

159 1691 263 1778 Quod
280 1717 451 1787 nunquam
471 1707 609 1786 pereant
624 1692 749 1762 stellae?
763 1693 852 1787 quod
867 1697 996 1788 Jupiter
1014 1694 1117 1763 altum

158 1797 328 1866 Possideat
351 1797 467 1868 caelum
477 1797 492 1866 Ρ
504 1799 593 1892 quod
609 1801 739 1868 noverit
756 1802 866 1868 omnia
882 1799 1049 1870 Phoebus?

159 1903 221 1971 Est
236 1903 368 1998 aliquod
386 1906 495 1973 meriti
510 1907 669 1999 spatium,
684 1905 774 1998 quod
789 1904 879 1973 nullo
895 1906 1033 1975 furentis

159 2009 297 2078 invidiae
315 2034 471 2078 mensura
491 2013 591 2104 capit.
612 2011 818 2080 Ductoribus
836 2009 900 2079 illis

161 2115 322 2184 Praeterea
342 2115 467 2184 divisus
485 2131 557 2184 erat
574 2115 668 2185 favor
684 2143 691 2184 :
709 2119 834 2211 aequior
849 2115 902 2186 ille
1197 2141 1223 2184 rs

207 2315 252 2370 33.
268 2317 359 2368 Petrae
373 2319 427 2370 aala
444 2317 610 2372 Macedonia
627 2339 669 2372 re·
714 2318 819 2371 servilia
836 2318 983 2389 pracsertim
1001 2335 1113 2388 corpora
1122 2355 1131 2381 ‚
1147 2315 1225 2368 dolo-

165 2413 241 2465 gum,
256 2394 326 2450 ande
341 2397 444 2451 Pellam
451 2399 546 2467 jaceris
558 2399 670 2454 Alexan·
713 2417 755 2451 ree
769 2411 796 2451 et
806 2399 953 2451 cruciatum
965 2397 1053 2451 affert
1066 2394 1166 2450 Invidia
1179 2399 1222 2448 sti-

164 2474 219 2529 der.
239 2477 279 2529 Μ.
303 2477 427 2531 AEmilius
447 2478 545 2531 Paulus
565 2480 597 2531 ab
617 2478 671 2532 hoc
714 2480 777 2531 mulo
792 2479 862 2547 fodit
883 2479 962 2533 etiam
984 2477 1101 2531 Satumt'a
1121 2478 1223 2529 Patram

161 2555 218 2627 ipro
230 2556 371 2628 triumpho
382 2556 571 2613 Macedonicae
585 2558 671 2612 didtuu
714 2570 801 2611 mantes
813 2556 886 2629 apud
897 2558 945 2611 Sil.
960 2559 1029 2622 VII,
1044 2559 1110 2610 512,

754 2638 799 2705 39.
820 2639 895 2691 Fam
915 2638 1012 2692 notua
1030 2638 1158 2707 retiaque,
1175 2634 1223 2705 qni

160 2648 246 2778 κη
270 2718 363 2769 Par-tas
384 2718 484 2779 Latias,
511 2716 594 2787 qualis
615 2730 671 2771 erat
712 2717 792 2770 altius
816 2714 933 2770 recendit
954 2719 1052 2771 virtute
1070 2728 1097 2768 et
1120 2714 1222 2786 gloria,

159 2796 328 2867 uinmpbalis
336 2796 457 2851 Romae
432 2815 552 2867 ipsique
560 2816 669 2851 arcuum
713 2815 793 2867 quam
802 2794 1219 2869 quopervenireinridiapoeait3

159 2876 363 2947 triumphalium
376 2876 510 2929 transitus.
713 2878 759 2947 qui
772 2896 852 2948 supra
865 2876 994 2929 invidiam
1005 2876 1107 2948 positus
1119 2886 1174 2936 est,
1190 2886 1223 2925 ut

199 2954 246 3007 35.
259 2956 291 3009 C.
303 2954 406 3007 Mariua
419 2954 453 3010 de
467 2956 599 3026 Jugurtha
616 2956 671 3009 Nu·
713 2958 791 3009 orbes
803 2957 925 3009 celestes.

158 3032 295 3087 midarum
313 3052 389 3105 rege,
405 3034 547 3106 Pompeius
563 3034 597 3088 de
615 3035 670 3087 Mt·
754 3042 800 3097 4⁰·
821 3036 940 3087 limam
957 3038 1041 3106 possit.
1063 3034 1145 3085 Livor
1163 3047 1219 3084 non

159 3112 415 3184 thridate,Tigraue‚
423 3128 449 3167 et
460 3114 563 3169 auxiliis
575 3116 670 3168 Orien·
712 3116 820 3187 attingit
842 3132 885 3167 rea
911 3113 1055 3168 subductas
1079 3112 1219 3165 homiuum

157 3193 194 3255 ¹tis
206 3194 390 3264 triumpharit.
712 3194 874 3248 mortalitati.

199 3278 247 3344 37.
265 3272 352 3325 Etiam
366 3272 414 3345 qai
429 3272 494 3325 libri
508 3272 607 3325 babent
625 3273 669 3325 ab·
754 3280 801 3337 41.
815 3275 881 3327 Olim
887 3274 963 3325 Mss.
979 3290 1030 3343 pro
1043 3272 1138 3325 Altum,

154 3352 364 3424 mutandis
377 3364 502 3424 quartum
515 3370 603 3405 casum
614 3354 670 3425 pla·
755 3359 800 3416 da.
819 3353 897 3406 Novit
913 3357 993 3404 omma
1015 3351 1119 3404 Plroebus
1140 3352 1218 3403 etiam

154 3432 218 3485 ntia
233 3434 342 3485 numeri
358 3431 487 3486 ridentur
501 3432 623 3497 voluisse,
640 3446 670 3487 ut
712 3432 885 3497 Homericus,

153 3511 238 3567 Ovid.
253 3512 321 3565 Met.
333 3512 449 3577 x1,18:
465 3511 622 3581 Obstrepuere
630 3532 669 3564 so·
714 3514 780 3573 ...ὃς
790 3512 867 3565 πάντ’
875 3515 949 3582 ἰφιρᾷ
957 3511 1001 3564 καὶ
1009 3515 1087 3565 πάντ’
1098 3511 1222 3573 temen,

153 3593 264 3656 »asael
275 3611 360 3645 ισιιιιιιι
370 3592 481 3653 cithara,
490 3604 517 3643 et
528 3589 574 3643 Sil.
588 3593 670 3659 VIII,
713 3582 747 3645 ltu
769 3598 802 3653 Γ,
831 3611 894 3659 ²⁷7·
920 3591 947 3643 Si
965 3592 1050 3644 ullum
1068 3609 1151 3662 genus
1178 3606 1222 3641 ιιι·

160 3670 212 3723 2⁵1
222 3690 230 3725 τ
242 3672 396 3745 oblatratque
410 3682 518 3723 saraam
533 3688 556 3723 e.
573 3670 590 3723 i.
606 3691 631 3742 g.
646 3690 668 3725 ιι.
712 3670 876 3743 perstitionis
896 3669 1059 3742 indulgentia
1073 3687 1129 3722 non
1151 3666 1222 3719 indi·

158 3752 366 3823 -Laudr'vulg.
382 3750 447 3803 inde
458 3769 474 3802 a
485 3750 562 3803 Junt.
579 3750 671 3803 Laudis
713 3769 795 3821 gnum
805 3750 920 3817 videtur,
931 3751 1125 3821 boceatqaum
1135 3747 1222 3799 borni·

159 3827 218 3881 Vlc·
237 3845 262 3883 ct
276 3830 353 3905 qaid.
378 3830 456 3885 MSS.
478 3829 573 3881 Laudes
590 3830 668 3885 Vien.
712 3850 759 3883 nes
774 3831 863 3884 Solem
875 3830 1011 3901 imaginati
1024 3841 1086 3880 aunt
1102 3828 1221 3880 Oculum

156 3906 313 3965 Alfi-licina.
332 3934 347 3965 a
362 3909 479 3964 etMSS.
494 3922 551 3981 opt.
713 3911 802 3963 omnia
815 3909 963 3971 ridentem,
981 3909 1074 3960 fovens
1091 3906 1179 3959 omnia
1195 3921 1222 3959 et

196 3988 244 4044 38.
258 3992 363 4043 timu·
383 3990 450 4045 tacit
472 4002 613 4053 tortorem,
630 3990 670 4043 vel
713 4008 842 4052 movens,
854 4001 882 4041 et
895 3988 949 4040 vita
962 4004 1059 4059 augens
1072 4006 1180 4040 numen.

152 4068 304 4123 carnificem
316 4069 479 4142 quemdam,
494 4068 667 4139 quinimmo,
758 4076 802 4131 43.
819 4068 914 4120 Moto
928 4068 996 4137 conj.
1012 4065 1104 4119 Heins.
1177 4102 1180 4107 -

151 4148 215 4218 palia
235 4152 337 4216 aeuus,
356 4148 482 4205 tundens
506 4159 531 4199 et
551 4166 670 4219 pungent
755 4146 800 4211 45.
816 4150 930 4200 Diversus
948 4148 1035 4216 vulg.;
1053 4148 1150 4198 Dicisus
1163 4143 1222 4193 Vic.
