3034 4900
522 427 833 498 iss-nuncium
858 429 925 498 tv.
1177 428 1252 526 339

190 559 313 635 Nubila
332 585 401 631 non
422 573 532 656 sperat
552 561 696 630 tenebris
717 559 893 630 condentia
913 558 1050 649 culum,

190 672 265 739 Nec
284 671 428 764 graviter
445 667 561 737 flantes
579 665 853 762 pluvialifrigorc
868 669 974 737 Coros

190 779 349 862 Invocat,
365 788 424 843 aut
438 797 553 843 arcum
568 775 694 843 variata
707 773 781 843 luce
794 773 977 842 rubentem.

192 881 353 976 AEgyptos
370 882 441 950 sine
457 880 545 948 nube
563 879 672 968 ferax,
685 881 874 974 imbresque
888 903 1020 949 serenos
1240 909 1252 950 ς

191 985 271 1056 Sola
291 1001 398 1075 tenet,
417 1011 532 1088 secura
554 985 638 1081 poli,
656 1012 724 1059 non
744 986 855 1082 indiga
875 988 985 1054 venti:

192 1092 329 1163 Gaudet
341 1095 450 1186 aquis,
467 1114 548 1186 quas
562 1094 632 1188 ipsa
648 1093 758 1177 vehit,
775 1092 915 1187 Niloque
929 1091 1134 1178 redundant,

192 1200 264 1288 Qui
278 1198 395 1294 rapido
408 1211 517 1266 tractu
531 1198 647 1269 mediis
660 1198 765 1269 clatus
780 1199 821 1268 ab
836 1201 959 1285 antris,

193 1391 274 1444 bonis
289 1391 360 1443 bona
373 1401 448 1460 parte
462 1389 525 1442 libri
537 1389 637 1454 xvl1;
649 1390 703 1442 Lu·
748 1391 863 1460 Bocuge,
886 1407 969 1462 quum
982 1409 1091 1462 prorsus
1106 1377 1258 1462 discrepent

195 1469 276 1534 cani,
291 1470 331 1536 X,
347 1469 415 1538 1933
430 1468 490 1522 Seu.
506 1469 541 1533 Q.
555 1469 653 1535 N.1V‚
670 1489 704 1535 ²3
749 1470 800 1522 Gir
810 1483 837 1524 et
850 1469 944 1534 Nilus,
959 1482 985 1522 et
999 1470 1078 1541 longe
1097 1471 1162 1524 alter
1178 1470 1258 1525 distet

194 1550 287 1613 Meta,
296 1549 326 1614 1,
341 1567 372 1618 93
384 1547 481 1612 Plinii,
493 1549 529 1612 V,
541 1567 558 1617 9
569 1549 657 1614 ;Plut.
671 1547 706 1602 de
749 1551 783 1601 ab
794 1550 883 1602 altero.
892 1548 963 1601 Vide
971 1568 1030 1620 quse
1041 1552 1259 1604 memoranturiu

195 1630 290 1682 Placit.
304 1629 361 1692 IV,
378 1644 403 1680 1.
421 1628 476 1692 Qui
491 1629 652 1682 abstrusiora
670 1626 704 1681 de
750 1629 839 1700 Opere
851 1630 976 1681 omnibus
989 1628 1171 1682 doctrinarum
1188 1629 1257 1684 diri-

196 1707 704 1780 earephilologematarelitrecenscre,
748 1709 792 1761 tiis
813 1707 961 1762 abundanti
989 1707 1063 1779 quod
1085 1709 1258 1763 inscribitur:

197 1789 223 1843 ei
244 1786 365 1859 proderit
385 1787 527 1857 Spanlmn.
547 1786 582 1843 sd
600 1787 705 1842 Callim.
749 1788 832 1842 Pras
845 1791 875 1842 de
894 1790 920 1840 la
935 1788 1088 1859 Gograptte
1102 1792 1256 1854 universalia,

199 1869 259 1922 Del.
271 1886 335 1937 ²⁰7·
349 1867 483 1920 Caeterum
494 1867 570 1938 plane
584 1867 707 1920 nondum
746 1887 795 1938 par
809 1870 847 1922 M.
864 1869 1038 1933 Matre-Brun,
1050 1881 1124 1920 tomo
1136 1870 1186 1934 IV,
1200 1887 1259 1942 pag.

197 1948 257 2001 noti
270 1958 334 2001 sunt
347 1947 433 2000 fontes
442 1946 514 2010 Nili,
526 1947 627 2018 quippe
640 1966 707 2018 quos
752 1955 819 2015 441,
829 1949 876 2002 lib.
889 1949 1005 2001 LXXXI
1014 1947 1100 2019 princ.
1114 1949 1165 2000 En.

197 2029 290 2082 nullus
307 2045 341 2080 ex
354 2027 462 2097 Europa
475 2026 563 2080 tiator
581 2027 708 2080 bacterms
792 2049 817 2081 α.
828 2027 1007 2099 Hyperbolica
1018 2045 1088 2092 esse,
1100 2045 1159 2098 quu
1167 2026 1201 2080 de
1212 2045 1258 2080 ne-

102 2108 105 2115 “
200 2104 709 2178 inriserepotusritzsliqusmtamcnde
751 2108 818 2178 gatis
834 2107 943 2159 omnino
957 2109 1072 2177 AEgypto
1088 2107 1187 2177 pluviis
1199 2125 1261 2160 nar·

200 2187 345 2257 quastione
357 2186 452 2258 sapius
462 2186 558 2256 agitata
568 2183 709 2240 certitudi·
751 2200 812 2240 rant
819 2188 938 2250 Veteres,
946 2184 1036 2244 hodic,
1051 2185 1142 2252 credo,
1150 2199 1261 2239 constat.

201 2284 265 2319 nem
274 2265 447 2318 afferrevisus
457 2264 710 2336 estGallusquidam
751 2267 854 2319 Multus
871 2277 911 2320 est
924 2266 952 2318 in
973 2283 1003 2318 ea
1018 2284 1048 2319 re
1066 2265 1134 2318 Plio.
1153 2267 1218 2319 Pan.
1234 2284 1260 2318 c.

202 2343 278 2398 band
300 2345 405 2416 inglorii
426 2345 557 2410 nominis,
579 2345 709 2409 Cailhral,
752 2347 847 2412 XXX,
861 2347 986 2418 AEgyptur
999 2345 1106 2409 alendis,
1124 2357 1172 2398 etc.
1190 2344 1262 2398 Vide

203 2422 269 2479 dum
279 2424 336 2497 ipse
348 2444 420 2479 suno
434 2427 506 2480 1821
523 2426 711 2498 AEgyptiacum
753 2426 829 2481 Nost.
843 2424 907 2480 edit.
918 2427 971 2481 vol.
981 2426 1024 2493 Π,
1038 2445 1099 2499 pag.
1113 2429 1174 2481 180.
1189 2425 1241 2479 En.

204 2504 349 2559 exercitum
370 2518 532 2577 sequeretur.
556 2508 583 2559 Is
610 2507 712 2560 scilicet
794 2513 822 2570 4.
835 2507 993 2560 Denuntiari
1006 2508 1040 2559 ab
1054 2505 1125 2560 Iride
1140 2506 1259 2578 pluvias,

202 2604 287 2658 usqua
297 2583 429 2639 adlocum
439 2582 540 2638 dictum
551 2584 645 2655 Sisgue'
651 2605 712 2657 per·
753 2586 819 2659 quin
835 2586 927 2651 ellici,
943 2586 1097 2640 tralatitium
1118 2598 1164 2639 est.
1180 2585 1261 2639 Ovid.

202 2663 319 2719 renitud
328 2663 462 2719 decimum
471 2663 582 2736 gradum
592 2664 712 2719 latitudi-
753 2668 819 2720 Met.
835 2668 865 2730 1,
884 2685 955 2735 ²7⁰³
969 2666 996 2717 in
1012 2679 1140 2737 apparatu
1154 2664 1263 2731 diluvii,

201 2746 261 2809 nis,
270 2758 297 2798 et
305 2746 385 2797 albim
385 2747 489 2817 sturmus
496 2744 713 2817 transiit,quicst
756 2773 768 2795 ι
781 2744 857 2799 densi
869 2744 1019 2797 funduntur
1033 2746 1067 2798 ab
1082 2745 1179 2797 aethere
1191 2745 1261 2798 nim-

203 2822 358 2897 principalis
364 2825 418 2877 Nili
425 2825 521 2879 alveus.
527 2824 714 2895 Ermultisigi·
753 2826 791 2879 bi.
805 2826 905 2879 Nuntia
919 2824 936 2876 J
938 2825 1053 2891 unonis,
1066 2826 1153 2878 varios
1167 2823 1262 2879 induta

204 2918 250 2957 tur
258 2903 442 2959 indiciissbeo
450 2904 587 2958 recensitis
596 2904 714 2957 etiulu·
754 2907 871 2969 colores,
890 2905 1015 2976 Concipit
1034 2905 1086 2957 Iris
1100 2922 1194 2977 aquas,
1214 2907 1265 2959 ali·

205 3004 264 3038 ccm
271 2983 348 3037 brevi
357 2982 521 3055 prodituris,
531 2982 627 3037 edente
634 2985 670 3037 V.
681 2985 712 3037 C.
755 2998 900 3055 mentuque
914 2985 1032 3039 nubibus
1048 2981 1142 3037 adfert.
1162 3010 1173 3031 ι
1192 2984 1265 3038 Illud

205 3064 324 3127 lomard,
341 3064 404 3117 satis
425 3077 527 3117 constat
546 3064 601 3117 Nili
629 3064 714 3116 lantes
756 3065 875 3117 rubentem
904 3064 955 3117 late
983 3078 1091 3135 patere,
1109 3076 1135 3116 et
1162 3064 1264 3117 colores

207 3164 262 3198 esse
275 3142 631 3215 inregione‚dictaDouga,
644 3143 715 3196 inter
757 3164 850 3198 omnes
870 3157 999 3215 quatenus
1011 3142 1095 3195 lucidi
1115 3156 1176 3199 sunt
1190 3162 1264 3196 com·

206 3222 345 3277 meridiem
368 3237 395 3277 et
414 3221 581 3277 occidentem
599 3222 715 3294 regionis
756 3225 849 3295 plecti,
866 3224 943 3277 etiam
957 3223 1002 3275 hic
1014 3224 1088 3275 locus
1100 3221 1207 3275 indicat.
1222 3223 1266 3276 Sic

206 3300 346 3357 cuihodie
360 3321 458 3356 nomen
468 3303 571 3366 Senadr,
584 3304 650 3357 olim
660 3304 716 3355 Me·
757 3304 796 3365 X,
821 3305 891 3374 187,
915 3330 926 3351 ι
946 3303 1077 3355 Mavortia
1095 3302 1167 3373 signa
1187 3304 1267 3356 rube-

207 3401 272 3447 ros,
285 3377 319 3435 ad
334 3382 479 3453 septimum
498 3380 611 3454 gradmn
626 3382 717 3435 latitu-
758 3395 834 3436 scunt
843 3380 1071 3435 Floribus-Vid.
1081 3380 1114 3434 ad
1124 3383 1226 3446 xlxx,
1239 3402 1266 3453 7.

208 3461 280 3515 dinis
290 3463 420 3527 borealis3
436 3462 503 3533 quin
516 3464 596 3515 etism
604 3462 717 3514 flurium
759 3496 798 3506 —
810 3462 904 3515 Arcus.
914 3502 936 3515 ..
953 3464 1077 3525 ruberent,
1094 3461 1194 3515 anlid.

212 3543 298 3611 ipsum
314 3559 330 3593 s
346 3542 552 3594 Lucumonibus
564 3542 643 3602 oriri,
660 3560 717 3594 me-
803 3542 829 3596 5.
855 3541 943 3595 Imbro
963 3560 1071 3604 serenos,
1098 3559 1208 3593 acumen
1235 3558 1268 3593 ex

211 3620 719 3675 diaminterAlricam.Putabantsutem
762 3622 996 3676 anthitetonostris
1005 3621 1113 3674 curibus
1124 3640 1177 3673 non
1191 3619 1269 3673 valde

212 3703 323 3754 Veteres
337 3702 455 3771 primum
467 3700 521 3752 Nili
538 3701 643 3753 alveum
664 3718 719 3755 esse
763 3714 878 3755 scutum.
895 3700 946 3754 Sed
961 3718 1057 3772 nempe
1070 3700 1153 3751 imbres
1164 3712 1195 3751 ut
1206 3718 1271 3751 rores

212 3780 351 3833 fluviolum
370 3780 458 3845 hunc,
472 3781 520 3850 qui
538 3778 637 3833 dieitur
650 3780 719 3845 Gir,
764 3781 798 3834 de
815 3782 888 3833 omni
909 3780 1022 3833 humore
1040 3778 1102 3831 licet
1117 3780 1203 3850 poetis
1219 3780 1270 3831 La-

213 3861 313 3932 quiquc
322 3858 461 3913 meridiem
473 3878 564 3913 versus
579 3880 609 3913 ex
616 3861 721 3915 Atlante
765 3861 829 3913 tinia
838 3860 934 3913 dicere.

213 3938 290 4006 fluit;
301 3937 375 3994 uude
383 3940 429 3992 hic
438 3938 615 4000 Claudianus,
626 3940 722 3992 «Hunc
807 3960 833 4009 7.
850 3940 973 3991 Liberior
988 3938 1149 3989 constructio
1167 3956 1174 3990 ε
1191 3937 1272 3989 debe·

213 4014 337 4082 (Nilum)
351 4020 420 4072 bibit
433 4020 601 4073 Girrlraeusn.
616 4018 723 4071 Fabam
767 4020 812 4072 bat
834 4037 866 4072 ex
889 4018 946 4088 lege
969 4018 1155 4088 grammatica,
1176 4038 1274 4090 paceque

214 4112 301 4153 auum
315 4097 384 4152 illud
392 4099 482 4152 innuit
492 4100 534 4151 vir
546 4098 581 4151 cl.
591 4098 684 4151 Barbie'
690 4098 722 4149 du
769 4099 829 4153 Nilo
844 4097 985 4150 redundant.

1051 4202 1118 4271 22²

1030 4375 1036 4407 l
