3034 4900
468 451 600 520 LAUS
626 450 844 520 SERENAE
871 455 1005 524 REG.·
1185 460 1250 532 161

186 583 337 654 Vulnere
353 607 431 678 quae
447 583 583 678 proprio
598 581 723 651 facinus
739 597 855 652 testata
871 589 1001 678 tyranni

196 693 344 760 hrmavit
362 691 480 785 patriae
491 690 597 782 justos
612 691 645 757 in
661 688 747 757 bella
762 689 909 779 dolores,
1220 741 1257 780 1⁵⁵

197 797 315 867 Exsule
328 795 530 888 Tarquinio;
546 793 824 889 memorandaque
839 796 998 882 concidit,
1016 822 1083 868 uno

198 901 277 973 Ulta
298 900 491 996 pudicitiam
507 898 757 994 libertatemque
774 925 901 970 cruore.

198 1008 286 1076 Talia
303 1007 389 1076 sacta
406 1005 511 1090 libens
527 1030 596 1076 non
613 1021 648 1074 tu
666 1008 787 1075 virtute
802 1010 941 1091 minori,

198 1113 262 1184 sed
281 1113 350 1182 fato
368 1111 520 1196 meliore,
535 1109 626 1204 legis.
643 1113 715 1180 Jarn
733 1111 852 1182 nubilis
867 1128 944 1182 aetas

198 1220 350 1312 Principe
367 1216 506 1288 sollicito
521 1219 607 1286 votis
623 1231 771 1286 erexerat
786 1217 894 1286 aulam

199 1327 359 1410 lacertis,
374 1347 471 1417 quem
489 1336 580 1392 tanta
596 1323 660 1391 tori
676 1321 809 1391 fortuna
824 1340 980 1394 maneret.

248 1431 411 1524 Antiquos
427 1427 571 1522 loquitur
587 1430 760 1498 Musarum
779 1431 898 1523 pagina
914 1455 1026 1525 reges,

197 1535 300 1626 Quod
316 1536 388 1603 dira
404 1533 464 1603 sub
481 1532 553 1628 lege
569 1558 688 1628 procos
704 1549 830 1604 certare
842 1535 1013 1628 juberent,

197 1645 379 1736 Empturos
395 1638 577 1708 thalamum
594 1639 684 1708 dubii
699 1639 887 1709 discrimine
902 1640 971 1729 leti,

197 1751 241 1817 Et
256 1771 316 1816 suo
332 1744 481 1818 crudeles
498 1744 680 1840 gauderent
694 1745 832 1839 pignora
848 1750 963 1816 mortis
1223 1795 1258 1836 ,ὃς

199 1854 387 1922 Ambitione
409 1854 485 1946 peti.
503 1853 613 1920 Curru
630 1853 730 1921 Pisaea
747 1854 874 1920 marino
904 1878 908 1886 ·

241 2035 304 2090 156.
329 2031 444 2086 Ablalivl
461 2033 553 2085 Εἰδώ
573 2033 704 2106 Tarquinio
748 2045 816 2096 Teque
831 2046 869 2084 sibi
889 2060 982 2098 generum
1004 2047 1077 2102 Tethys
1097 2061 1149 2090 emat
1168 2053 1259 2094 omnibu.

198 2115 285 2168 rarior
299 2112 394 2166 hirris
411 2125 459 2166 est.
478 2114 518 2165 Ita
533 2113 642 2165 armarit
656 2110 704 2165 do·
776 2117 839 2154 aaut
1269 2113 1271 2117 ’

199 2195 271 2246 lores
284 2192 374 2264 patria
384 2192 521 2260 Lucretia,
535 2205 564 2244 ut
575 2192 648 2244 exsul
661 2192 706 2244 fie-
749 2191 801 2244 Hic
822 2193 901 2244 etiam
924 2191 957 2245 ad
977 2195 1117 2266 antiquum
1137 2201 1258 2256 omnium

200 2285 257 2332 ret,
273 2271 414 2324 exsulatum
429 2271 514 2324 abiret
532 2269 566 2323 ad
584 2277 706 2324 Etruscos
750 2272 805 2324 sere
830 2272 950 2341 gentium
970 2291 1075 2326 morem
1098 2278 1258 2348 respicitur,

199 2349 370 2422 Tarquinius.
750 2350 866 2421 quoviri
878 2351 1076 2420 sibiemebant,
1089 2356 1178 2424 pretio
1188 2377 1258 2412 eom·

249 2432 314 2499 159.
336 2431 400 2485 Fato
422 2429 525 2482 meliore.
548 2426 708 2495 Laodamia,
750 2431 878 2505 parabant
894 2450 997 2485 uxores.

197 2508 324 2573 Euadne,
340 2511 477 2576 Lucretia,
495 2528 610 2562 amorem
628 2508 707 2561 mari·
795 2512 856 2562 166.
868 2499 1038 2575 OEnomaus,
1048 2512 1132 2567 Elidis
1143 2528 1172 2569 et
1186 2517 1257 2572 Pisa.

197 2604 287 2644 torum
299 2604 325 2642 et
338 2588 419 2642 fidem
430 2588 546 2660 conjugii
560 2590 708 2660 probarunt
749 2607 811 2640 rum
831 2584 974 2659 tyrannus,
995 2610 1010 2642 a
1027 2610 1125 2661 genero
1145 2610 1258 2651 mortem

197 2670 225 2723 in
239 2682 326 2722 morte
339 2669 476 2733 virorum,
489 2669 516 2719 in
527 2668 622 2737 injuria
637 2668 708 2721 illata
750 2681 781 2720 ut
791 2659 895 2742 caveret
904 2670 937 2721 ab
947 2670 1055 2722 oraculo
1064 2672 1191 2740 monitus,
1200 2695 1258 2730 eam

198 2748 305 2821 corpori
319 2768 325 2801 :
338 2762 368 2801 tu
382 2748 498 2811 felicior,
511 2746 583 2799 idem
595 2748 708 2813 iactura,
749 2746 835 2817 legem
855 2749 946 2818 posuit
966 2749 1054 2819 procis
1074 2750 1259 2824 Hippodamia·

197 2848 251 2882 non
267 2829 384 2881 habuisti
399 2826 510 2897 exempli
526 2826 583 2880 talis
594 2827 710 2879 occasio·
749 2824 825 2893 filia,
841 2839 871 2879 ut
886 2846 944 2880 caua
966 2826 1090 2893 haberet,
1106 2833 1153 2903 qui
1167 2833 1257 2906 ipsum

196 2927 258 2961 nem
274 2908 316 2960 rel
330 2906 522 2961 necessitatem.
750 2918 853 2975 patrem
863 2904 996 2977 quadrigis
1004 2908 1119 2975 vicisset,
1129 2911 1260 2969 interfice·

249 2992 313 3039 160.
337 2986 405 3038 Vota
427 2984 564 3038 referenda
585 2982 709 3037 videntur
750 2984 1167 3043 renturreroricti.Post1111ita
1176 2992 1257 3047 inter·

198 3065 230 3119 ad
252 3066 450 3127 adolescentes,
473 3064 519 3136 qui
542 3064 710 3135 erigebantur
751 3076 854 3134 emptos
862 3064 1258 3143 accipitconditionemPelops,

198 3148 266 3199 rotis
284 3159 312 3198 et
331 3164 379 3217 spe
394 3144 550 3215 nuptiarum
567 3144 708 3213 regiarum.
751 3140 956 3195 etc-Currum
965 3162 1014 3213 pro
1024 3145 1257 3215 equisjunctishio

242 3227 307 3279 163.
330 3224 407 3294 Quod
424 3224 553 3294 particula
572 3241 627 3274 non
647 3220 709 3273 sim·
750 3220 830 3274 etiam
850 3218 1024 3292 capiendum,
1047 3238 1175 3294 apparet:
1197 3228 1256 3281 Ma·

197 3306 301 3377 pliciter
315 3303 492 3374 ἀφηγηματιιιὴ
508 3316 562 3359 est,
577 3320 657 3373 quam
671 3313 709 3352 ta-
752 3306 828 3352 riaam
840 3315 941 3364 autem,
955 3300 1255 3377 aNeptunoscceptum,

184 3388 258 3437 'men
270 3385 327 3437 hoec
340 3395 402 3435 tatas
412 3400 468 3435 non
479 3380 591 3451 refugit5
602 3379 648 3433 sed
660 3398 709 3451 po·
752 3380 850 3433 Fabula
858 3379 914 3433 haec
922 3378 994 3432 iuter
999 3380 1175 3437 nobilissimas
1184 3387 1259 3441 Grae·

199 3474 249 3516 teat
265 3462 404 3515 rationalis
421 3480 442 3513 1.
459 3460 567 3513 causalis
581 3457 710 3531 quodam·
752 3477 861 3523 corum,
884 3458 974 3512 multis
993 3460 1179 3528 monimentis,
1198 3484 1259 3537 quae

200 3540 282 3595 modo
298 3540 394 3595 rideri.
416 3537 553 3604 Quosdam
570 3558 643 3609 reges
658 3538 710 3590 hoc
752 3537 893 3590 Pausanias
912 3536 998 3591 adhuc
1017 3538 1098 3605 vidit,
1116 3542 1260 3611 celebrata;

201 3620 309 3673 nornine
332 3618 477 3675 celebrarit
501 3618 625 3681 historia,
648 3618 714 3689 quod
752 3615 1261 3689 ridquilaudanturadHygin.sab.84.

196 3700 322 3769 juberent,
338 3713 387 3753 etc.
402 3697 452 3751 His
465 3698 571 3768 regibus
585 3715 600 3748 e
615 3696 712 3749 nostris
753 3696 844 3761 Quum
865 3698 898 3747 ab
923 3714 952 3747 ea
976 3698 1107 3767 originem
1133 3696 1260 3754 ludorum

201 3778 279 3831 libris
287 3776 381 3831 addere
389 3779 453 3832 lieet
460 3776 581 3837 Saulum,
592 3794 712 3847 agenero
754 3776 959 3847 Olympicorum
974 3774 1139 3831 derivarent,
1162 3794 1210 3830 auo
1229 3781 1263 3833 il.

201 3876 254 3909 suo
263 3869 368 3909 centum
375 3857 507 3931 praeputia
517 3856 713 3907 Philistuorum
755 3854 807 3906 lam
823 3873 895 3906 more
910 3853 1008 3905 cecinit
1020 3849 1152 3906 Pindarus
1168 3854 1211 3908 Ol.
1228 3861 1260 3912 Α,

199 3936 252 3989 sibi
269 3936 448 4008 stipulantem·
761 3931 830 3985 Illud
842 3931 876 3983 de
884 3932 971 4002 equis,
982 3949 996 3981 a
1006 3930 1133 4001 Neptuno
1141 3938 1262 4008 acceptis,

242 4017 307 4079 164.
319 4016 406 4069 Emere
414 4016 557 4075 thalamum,
567 4012 712 4083 Virgiliana
756 4032 782 4062 v.
797 4012 850 4077 139
857 4029 896 4080 sq.
905 4008 973 4061 Hinc
982 4009 1103 4081 Neptunia
1112 4012 1163 4065 lora
1170 4014 1264 4089 Pelopi

196 4096 324 4161 formula,
339 4096 442 4167 Georg.
457 4094 485 4160 1,
500 4094 552 4147 31:
760 4088 805 4143 dat
817 4090 881 4142 Stat.
891 4088 978 4142 Theb.
990 4088 1043 4151 vt,
1061 4090 1125 4142 283.

246 4207 298 4273 Il.
541 4302 543 4309 Α
1039 4222 1050 4265 1
1066 4222 1077 4265 1
