3034 4900
280 515 353 585 292
512 489 587 557 CL.
615 489 905 564 CLAUDIANI
933 491 1141 561 XXXVII.

280 621 331 690 Ad
352 621 475 715 patrias
493 603 614 690 venere
633 619 772 704 domos3
788 635 858 689 tum
878 622 1015 715 Jupiter
1028 622 1126 690 infit:

335 728 398 795 «Ο
417 750 598 821 numquam
615 728 762 822 peritura
781 727 923 814 cohors,
939 753 960 796 o
978 726 1088 797 debita
1106 753 1237 822 semper

277 830 370 904 Caelo
389 834 583 928 progenies,
602 831 764 928 nullisque
784 832 925 903 obnoxia
947 828 1044 903 fatis!

277 941 422 1010 Cernitis
440 954 478 1008 ut
498 954 648 1010 nostrum
669 939 780 1010 Tellus
800 940 951 1034 conjuret
971 943 1005 1008 in
1025 941 1140 1009 orbem
1315 967 1340 1006 ss

277 1045 374 1116 Prole
395 1070 501 1132 nova,
517 1045 710 1139 dederitque
728 1045 808 1116 alios
829 1047 977 1116 interrita
995 1046 1131 1142 partus?

277 1156 390 1247 Ergo,
409 1167 492 1247 quot
513 1151 641 1221 dederit
661 1167 777 1239 natos,
795 1167 845 1221 tot
866 1153 983 1222 funera
1001 1155 1098 1222 matri

277 1257 603 1351 Reddamus310ngo
626 1273 758 1326 maneat
778 1285 838 1354 per
858 1258 976 1328 saecula
997 1258 1109 1347 luctu,

276 1369 384 1434 Tanto
402 1391 464 1460 pro
486 1365 625 1433 numero
646 1365 782 1459 paribus
801 1364 957 1434 damnata
974 1365 1171 1460 sepulcris.»

327 1475 401 1540 Iam
423 1471 503 1539 tuba
520 1471 710 1539 nimborum
733 1472 843 1540 sonuit
856 1497 866 1559 ;
881 1471 952 1564 jam
972 1473 1065 1566 signa
1085 1471 1200 1541 ruendi
1313 1500 1339 1536 a„

275 1579 336 1646 His
353 1576 473 1664 aethcr,
494 1576 547 1646 his
567 1578 670 1645 Terra
689 1577 803 1663 dodit3
826 1577 1027 1672 confusaque
1048 1603 1161 1650 rursus

274 1688 340 1752 Pro
359 1683 495 1752 domino
512 1684 641 1752 Natura
660 1684 778 1768 timet:
797 1682 987 1752 discrimina
1006 1709 1117 1752 rerum

274 1792 395 1859 Miscet
415 1789 513 1856 turba
533 1803 651 1882 potens
670 1814 678 1855 :
699 1813 789 1857 nunc
810 1789 915 1858 insula
932 1788 1053 1858 descrit
1071 1814 1207 1884 aequor;

273 1900 343 1965 Nec
362 1893 489 1989 scopuli
506 1893 631 1963 latuere
649 1895 732 1963 mari
750 1920 758 1961 ε
781 1909 863 1989 quot
879 1894 975 1964 litora
992 1910 1117 1965 restant

271 2092 427 2148 animalium
448 2093 562 2163 imagine
581 2091 687 2146 colendi
708 2090 781 2145 deos.
828 2093 898 2158 lum;
908 2094 945 2144 Iris
950 2133 958 2158 ,
969 2093 1146 2166 Gigantibus,
1159 2094 1184 2145 T
1180 2113 1235 2145 erra
1245 2107 1337 2146 mater.

273 2173 338 2228 Vid.
352 2174 400 2246 qui
411 2192 509 2244 magno
519 2191 634 2227 numero
641 2169 785 2226 laudantur
870 2177 915 2226 62.
926 2173 1047 2227 Naturam
1057 2172 1103 2226 hic
1114 2173 1192 2226 etiam
1204 2172 1266 2226 Iacit
1275 2190 1337 2245 per·

273 2274 289 2308 a
318 2274 361 2308 vr.
383 2272 431 2305 nn.
452 2251 486 2305 ad
510 2250 591 2306 ovid.
612 2254 631 2305 l.
652 2272 676 2305 c.
704 2265 731 2306 et
748 2251 784 2306 ad
828 2272 938 2319 sonam,
952 2272 966 2306 a
980 2254 1037 2307 Diis
1052 2265 1079 2307 et
1091 2253 1172 2306 rebus
1182 2253 1280 2307 ceteris
1295 2251 1338 2304 di·

272 2336 343 2408 Hyg.
366 2334 418 2386 fab.
437 2336 508 2400 1963
530 2331 565 2384 ad
581 2329 661 2385 Diod.
680 2332 733 2384 Sic.
752 2333 783 2397 Ι,
827 2333 972 2399 stinctum,
986 2333 1146 2400 ntIIXXV,
1166 2333 1232 2405 571.
1246 2333 1337 2386 Nostri

275 2420 323 2478 86,
336 2427 364 2467 et
375 2431 435 2486 quas
446 2413 484 2465 ibi
495 2412 611 2468 Wessel.
830 2413 941 2465 nandum
957 2413 1044 2465 solent
1060 2413 1096 2465 ita
1111 2413 1253 2485 appellare.
1275 2411 1337 2467 Sus·

315 2496 482 2554 5².Parrias,·
495 2489 783 2562 Claudianussequitur
827 2492 916 2564 pensis
936 2492 1029 2544 animis
1048 2504 1202 2562 exspectant
1220 2493 1338 2563 privati,

273 2577 428 2638 Platonem,
445 2572 492 2641 qui
510 2588 594 2623 unum
610 2588 711 2623 numen
730 2583 782 2623 sta·
827 2570 886 2641 quis
900 2588 989 2622 rerum
1002 2570 1137 2641 potiturus
1156 2571 1207 2636 sit,
1221 2585 1252 2624 ut
1272 2591 1337 2643 grex

272 2650 781 2721 tuebat,undeorigocoeterisioret.En.
826 2642 1003 2701 boum‘tnuris
1011 2650 1188 2715 cenantibus,
1200 2662 1229 2702 ut
1240 2651 1268 2703 in
1282 2654 1337 2723 gal-

315 2732 360 2787 53.
373 2732 465 2783 Debita
477 2730 537 2781 caelo
548 2748 637 2799 semper
644 2732 780 2800 progenies,
825 2728 914 2781 loram
925 2729 1069 2781 certamine
1081 2730 1187 2782 cohors.
1203 2730 1337 2784 Ceterum

274 2832 342 2885 quon
349 2808 557 2882 semperlrabere
564 2808 783 2881 cnlnm,semper
826 2826 885 2878 qun
895 2809 950 2878 jam
961 2808 1081 2880 seqnitur
1094 2807 1254 2881 descriptio,
1267 2813 1336 2883 ejus-

273 2891 436 2946 Iraihonore
444 2884 783 2959 divino,ntumen':quod
827 2906 879 2958 que
900 2888 1015 2953 similes,
1035 2887 1149 2942 suadent
1170 2890 1335 2961 gigantoma-

172 2961 175 2966 ’
274 2966 721 3035 statimaddit,nails'sabnonr'asnn's,
730 2986 784 3040 prr
826 2967 898 3019 chias
911 2969 1066 3041 excogitatas
1076 2966 1111 3023 ad
1124 2968 1286 3022 reddendam
1296 2988 1336 3023 ra·

275 3070 349 3106 mum
359 3050 421 3121 ipso
436 3063 548 3099 numero
559 3046 657 3116 plurali
672 3048 783 3101 varietas
827 3046 928 3100 tionem
948 3049 1170 3120 qualemcumque
1192 3050 1333 3121 insignium

275 3144 302 3185 et
315 3126 490 3184 inconstantia
501 3121 621 3196 quedam
636 3125 664 3177 in
678 3144 723 3191 eo,
734 3128 784 3197 qni
827 3127 1026 3191 mutationum,
1039 3146 1098 3199 quse
1113 3128 1189 3181 aliam
1205 3129 1335 3201 aliamque

276 3206 465 3265 obnoxiusillis
474 3218 523 3270 est,
532 3202 784 3277 indicatar3deinde
827 3206 921 3259 faciem
934 3206 1009 3269 orbi,
1023 3224 1103 3276 quem
1121 3208 1282 3274 habitamus,
1293 3210 1334 3261 in·

276 3292 328 3343 hoc
338 3282 783 3355 nomenobnaaeiastristeqaiddam
827 3284 926 3350 tulere,
949 3302 1013 3355 quas
1031 3286 1080 3339 sub
1101 3288 1148 3340 tali
1166 3286 1279 3359 imagine
1307 3300 1334 3341 et

275 3382 356 3439 atque
371 3366 511 3418 adversum
529 3375 605 3415 notat
619 3364 738 3435 calquis
752 3364 784 3416 ab
827 3363 966 3434 magnifice
976 3383 1145 3435 proponere,
1159 3381 1186 3420 et
1196 3368 1333 3439 juniorum

276 3466 363 3501 noeane
375 3444 491 3514 aliquam
507 3461 580 3495 suam
595 3444 727 3514 subjectns
739 3442 781 3496 sit.
826 3443 970 3513 phantasias
988 3462 1018 3497 ac
1033 3449 1167 3499 memoria
1181 3448 1334 3518 imprimere

318 3527 364 3580 56.
379 3524 494 3578 Interrito
506 3522 674 3593 superiorum
690 3534 783 3575 eontra
826 3523 1010 3592 resperabant.
1022 3526 1061 3577 De
1070 3528 1148 3578 AEtna
1156 3538 1183 3579 et
1193 3526 1334 3597 Phlegraeis

275 3626 337 3661 snos
349 3605 457 3659 Titanas
471 3602 604 3654 bellorum
618 3602 706 3665 exitu,
719 3602 782 3653 nan
824 3601 942 3671 campis,
953 3621 995 3655 res
1009 3605 1155 3659 manifesta.

275 3703 411 3757 novosque
422 3696 517 3756 partus
529 3680 605 3734 dedit
614 3682 707 3733 Terra.
867 3681 914 3735 63.
934 3683 1017 3735 Insula
1030 3684 1117 3737 deserit
1132 3704 1231 3756 nquam
1247 3685 1332 3739 insula

317 3768 362 3822 58.
375 3765 475 3819 Manere
484 3764 559 3823 heta,
570 3761 665 3814 omissa
676 3778 782 3832 prsepo-
825 3761 907 3813 multa
918 3762 1084 3829 absorbetur,
1094 3776 1143 3817 aut
1156 3764 1291 3830 avellitur,
1305 3778 1332 3817 et

274 3846 384 3910 sitione,
393 3842 577 3897 duriusculum
586 3859 594 3895 τ
603 3839 781 3913 sedpluribus
824 3839 863 3893 sic
875 3839 973 3895 deserit
985 3860 1065 3896 mare.
1081 3844 1132 3895 En.

272 3927 338 3979 locis
351 3936 500 3995 suspectum
516 3922 583 3974 mihi
598 3921 651 3974 hoc
663 3939 780 3975 carmen.
865 3924 913 3984 64.
927 3920 1043 3975 Videtur
1055 3921 1120 3976 duas
1138 3942 1179 3975 res
1197 3924 1331 3995 oppositas

314 4007 360 4056 60.
381 4004 450 4055 Tarba
464 4002 613 4064 arabonam·
627 4000 703 4055 Iovis
717 4001 781 4054 tuba
824 3998 922 4054 dicere.
943 4002 1027 4054 Insula
1047 4002 1135 4053 deserit
1153 4022 1251 4074 aequor,
1275 4022 1329 4056 non

271 4095 335 4139 sunt
345 4081 456 4135 fulmina
468 4093 496 4133 et
508 4092 686 4153 tempestates.
699 4081 750 4135 En.
824 4080 936 4151 amplius
954 4080 1060 4134 videtur
1072 4080 1171 4146 insula,
1182 4080 1229 4135 sed
1247 4082 1331 4135 conti·

310 4166 356 4216 61.
372 4162 437 4223 His,
458 4160 532 4221 Diis,
544 4161 630 4222 ether,
647 4160 702 4215 scil.
729 4180 778 4215 car·
823 4178 898 4217 nens,
907 4158 1037 4214 subducta
1044 4178 1207 4232 aquarnunc
1215 4163 1327 4231 scopulis,
