3034 4900
551 431 865 500 nrnrnnrnn
891 433 967 504 111.
1216 433 1288 531 337

230 564 362 636 Emicat
373 563 495 633 horror
509 563 619 656 aquis,
635 576 670 631 et
682 562 826 657 pendula
840 563 895 633 fila
910 579 1041 636 secutus

228 671 361 740 Transit
377 668 576 738 arundincus
595 692 718 739 arcano
739 669 862 766 frigore
881 669 1002 759 nodos,

229 777 475 870 Victricemque
496 767 577 869 ligat
595 789 751 844 concreto
769 777 926 870 sanguiue
943 776 1102 847 dextram.
1191 849 1192 854 ,
1262 778 1266 786 ’

284 885 493 952 Damnosum
511 881 656 974 piscator
676 906 780 971 onus,
801 881 1011 980 praedamque
1028 882 1199 974 rebellem,

229 991 359 1076 lactat,
375 1002 411 1058 et
427 986 546 1056 amissa
563 985 649 1058 redit
663 1003 850 1060 exannatus
864 1013 977 1058 avena.

274 1192 327 1229 soi
343 1174 458 1236 Honor,-
477 1171 563 1243 frigus
576 1169 650 1243 quod
669 1173 741 1244 parit
781 1175 855 1246 juxta
872 1173 1004 1230 circulum
1026 1175 1236 1248 aequinoctialem
1252 1179 1295 1233 iu·

231 1255 374 1309 horrorem
388 1265 415 1306 et
430 1264 572 1306 tremorem
587 1252 615 1305 iu
629 1270 741 1324 corpore
783 1254 875 1310 venue
895 1265 936 1308 est
954 1251 1085 1326 quosdam
1099 1255 1202 1326 pisces,
1216 1259 1296 1331 longe

232 1334 382 1408 piscatoris.
390 1333 442 1386 En.
784 1334 879 1388 acriori
901 1334 1022 1405 potentia
1046 1333 1208 1401 instructos3
1229 1357 1296 1411 quos

274 1431 320 1469 ar.
336 1415 450 1474 Transit,
465 1421 587 1483 penetm
600 1409 740 1465 arundinis
784 1413 855 1467 inter
871 1427 1052 1468 memorantur
1069 1416 1208 1470 Tricln'urus
1225 1419 1294 1472 Indi·
1348 1422 1357 1436 “

232 1491 333 1555 nodos,
347 1506 376 1547 et
383 1510 492 1544 manum
501 1491 585 1563 ipsam
593 1490 740 1562 piscatoris.
786 1513 840 1556 cm,
862 1493 1130 1558 Tesmdonetenreus,
1144 1495 1238 1550 Silano
1251 1499 1296 1550 els-
1364 1547 1366 1553 ,

233 1571 286 1627 sed
302 1571 336 1626 de
355 1570 495 1645 torpedine
512 1571 605 1623 Petrus
625 1570 740 1624 Gillias:
785 1575 888 1636 aericus,
907 1572 1041 1646 Gymnotsn
1056 1567 1187 1628 akadicur.
1201 1575 1238 1632 Iis
1253 1579 1296 1630 in·

236 1679 248 1702 ι
275 1651 391 1724 Hujusce
418 1651 497 1723 piscis
520 1661 657 1722 torporem
683 1668 742 1704 ntea
784 1651 903 1724 genitum
936 1666 975 1706 est
1003 1640 1132 1725 organaria
1160 1655 1296 1728 quoddam

159 1764 165 1772 ·
232 1750 328 1786 manus
346 1733 463 1785 tactione
480 1728 643 1802 periclitatus
663 1748 741 1795 sum3
785 1731 930 1803 singulare,
951 1732 1050 1804 inquo
1071 1732 1170 1788 residet
1191 1736 1233 1789 'vis
1252 1737 1298 1790 illa
1353 1795 1355 1798 ,

232 1811 281 1866 sed
290 1809 497 1883 haudquaquam
506 1809 574 1862 mihi
584 1823 743 1863 mannstan·
784 1830 840 1864 non
849 1813 931 1883 magis
944 1811 976 1865 ad
989 1811 1141 1866 nocendum
1152 1852 1160 1877 ‚
1172 1833 1252 1884 quum
1262 1814 1297 1869 ad

233 1904 326 1964 topere
336 1891 494 1962 obtorpuit,
509 1907 588 1961 quam
601 1889 742 1961 scriptores
785 1890 929 1964 tegendum
943 1881 1044 1962 magice
1060 1891 1196 1964 disposita.
1213 1895 1299 1949 Crete·

234 1970 382 2026 decantant.
398 1972 504 2024 llorsur
522 1988 578 2022 uon
600 1967 682 2022 modo
703 1970 742 2022 le·
784 1989 847 2024 rum
871 1989 1029 2043 cognoscere
1056 1972 1174 2044 cupienti
1201 1975 1299 2046 quibus
1326 1981 1328 1986 '

234 2052 294 2106 talis
313 2070 370 2104 non
384 2064 440 2116 est,
462 2047 509 2104 sed
528 2067 583 2102 non
605 2049 642 2102 ita
657 2048 743 2102 multo
786 2050 882 2115 armis,
894 2069 1011 2122 quoram
1027 2051 1153 2104 electrico
1169 2067 1299 2125 apparatu

233 2143 296 2203 post
308 2131 446 2185 tumescit.
464 2154 476 2177 ι
494 2127 528 2182 Id
541 2126 614 2200 quod
628 2128 743 2198 Scaliger
787 2129 908 2190 (laeteris
923 2129 1068 2204 ikctnque)
1084 2141 1194 2184 utantur
1205 2143 1260 2186 tres
1270 2131 1300 2186 id

234 2207 373 2277 ostendit,
388 2210 581 2280 Albertumque
598 2220 626 2261 et
643 2206 743 2262 Carda—
785 2226 869 2282 genus
882 2211 980 2282 pisces,
994 2208 1134 2264 adeundus
1148 2223 1187 2264 est
1202 2211 1246 2265 vir
1264 2213 1299 2266 cl.

234 2305 303 2343 num
313 2288 455 2360 hocfrigus
467 2287 581 2341 nimium
590 2287 744 2341 extollentes
789 2287 910 2363 Geofsros
930 2287 968 2342 St.
990 2289 1106 2352 Hilnirs,
1130 2290 1241 2343 Annales
1263 2291 1297 2344 do

237 2387 339 2422 enasse
351 2369 454 2440 probat.
467 2368 519 2421 En.
786 2367 909 2432 lineum,
922 2357 964 2420 1⁸²*
973 2369 1077 2422 volitare.

279 2468 326 2504 aa.
338 2449 437 2519 Negat,
449 2466 501 2519 pro
511 2449 590 2519 ligat,
603 2448 666 2501 Vat.
680 2459 743 2502 tert.
827 2450 906 2502 Anno
923 2450 1013 2514 1800,
1026 2445 1093 2501 dum
1103 2448 1231 2503 American
1244 2470 1300 2505 me-

242 2539 369 2593 moratio,
381 2529 442 2582 Pul.
452 2539 559 2581 conserto
570 2526 724 2581 Buslidmn.
788 2526 926 2582 ridionalis
947 2529 1037 2600 plagas
1057 2528 1243 2600 perlustraret,
1258 2530 1301 2584 vir

279 2615 323 2674 si.
338 2610 516 2678 Eaauirsatus,
530 2626 609 2661 uuus.
623 2607 742 2670 Habora,
779 2626 927 2680 ,nunquam
947 2609 1008 2661 satis
1024 2604 1172 2662 laudandus
1183 2608 1213 2661 ds
1225 2610 1303 2662 Hum-

236 2704 290 2745 tres
308 2690 371 2742 Vat.
392 2689 448 2741 Pal.
472 2688 577 2751 mnia,
597 2686 660 2741 Exc.
684 2687 744 2739 Put.
789 2688 856 2741 boldt
881 2686 1067 2759 Gymnotum‚
1092 2686 1120 2739 in
1142 2687 1203 2740 loco
1220 2690 1302 2743 natali

235 2789 329 2834 arem,
354 2786 447 2821 omues
472 2766 536 2833 alii,
566 2764 638 2837 quod
667 2766 746 2837 longe
790 2765 1003 2840 deprehensum,
1021 2765 1166 2837 multisque
1179 2768 1303 2822 observa·

235 2849 336 2923 potius.
353 2848 443 2899 -In
470 2846 522 2901 hoc
544 2847 660 2899 carmine
678 2846 746 2898 mira
789 2860 848 2900 tum
876 2846 1083 2918 experimentis,
1108 2847 1302 2903 accuratissime

236 2928 351 2983 suavitas
367 2939 394 2981 et
404 2928 541 2997 elegantia.
556 2925 608 2979 En.
792 2924 931 2998 descripsit
958 2921 1038 2987 (vid.
1065 2925 1179 2977 Relatior
1202 2927 1232 2978 de
1259 2948 1303 2981 sou

277 3008 312 3062 N.
321 3008 452 3073 B.Qnum
461 3005 604 3078 peromnia
613 3005 669 3057 iere
675 3004 749 3057 orbis
792 3024 902 3079 ussup&
916 3006 1036 3075 Zoologia
1043 3042 1050 3067 ,
1062 3014 1137 3057 tomo
1148 3006 1162 3056 1
1172 3043 1180 3069 ,
1190 3022 1250 3077 pag.
1263 3014 1301 3077 49

236 3086 337 3159 cogniti
345 3086 750 3139 mariarimsuamexerceattor·
793 3082 863 3156 sqq.)
874 3086 907 3137 In
920 3086 966 3137 illo
976 3102 1085 3157 quoque
1095 3101 1176 3153 opere
1184 3084 1303 3139 invenies

235 3163 750 3241 pedo‚quidmirumsiVeterumpru·
794 3163 930 3237 quomodo
955 3182 983 3217 se
1003 3164 1140 3233 accingant
1154 3162 1248 3217 incolas
1268 3163 1304 3217 ad

237 3244 358 3300 dentiam
371 3264 428 3298 non
445 3244 570 3298 fefellerit
587 3243 670 3313 frigus
682 3240 751 3297 illud
795 3242 955 3315 capiendum
968 3243 1041 3296 huuc
1055 3242 1155 3312 piscem
1174 3244 1221 3313 qni
1236 3262 1304 3315 sape

237 3326 388 3392 invictum,
404 3325 448 3379 rel
469 3324 558 3395 potius
578 3323 687 3374 electrices
702 3324 748 3389 fa·
794 3322 823 3375 in
836 3342 880 3375 sex
892 3321 990 3394 pedum
1003 3319 1198 3392 longitudinem
1215 3322 1306 3393 porri·

237 3406 332 3469 ιιιΙιω,
342 3423 358 3457 a
369 3402 517 3459 Claudiano
529 3402 573 3456 laic
586 3401 750 3455 memorata?
792 3402 879 3472 gitur,
894 3413 1021 3473 tantoque
1041 3418 1069 3453 ae
1086 3412 1238 3454 commovet
1257 3402 1305 3454 im·

237 3486 454 3549 Verumtamen,
466 3480 539 3554 quod
551 3481 591 3534 illi
609 3494 657 3534 aut
672 3481 749 3552 igno-
793 3493 872 3552 patu,
884 3493 914 3534 ut
930 3498 1031 3552 quos,
1045 3480 1073 3532 in
1088 3479 1198 3535 lacubus
1208 3499 1304 3551 parum

237 3575 336 3619 raruut
345 3576 391 3617 aut
400 3561 626 3635 praetermiserunt
635 3560 752 3625 silentio,
793 3560 853 3614 altis
861 3559 1116 3624 sibiobviomalen
1124 3578 1241 3613 enecare.
1250 3562 1302 3613 En.
1411 3610 1414 3615 .

585 3812 975 3849 ψ
