3034 4900
281 468 356 550 Aoo
533 460 608 530 CL.
637 458 938 531 CLAUDIANI
966 458 1084 531 XCV.

280 602 413 667 Arcano
428 594 555 689 stupuit
570 589 730 686 compleri
746 592 873 661 viscera
888 606 1007 687 partu,

280 708 460 772 Auctorem
478 699 627 793 paritura
643 722 749 767 suum.
767 696 923 767 Mortalia
939 697 1041 768 corda

280 807 450 877 Artificem
467 820 578 875 texere
596 802 682 898 poli,
697 803 879 898 mundique
897 818 1047 906 repertor

278 918 361 985 Pars
382 912 443 981 fuit
464 912 602 979 humani
621 909 749 1004 generis
762 962 773 997 ,
788 908 947 1004 latuitque
966 910 1028 979 sub
1044 934 1112 978 uno

279 1023 436 1105 Pectore,
456 1018 512 1111 qui
533 1030 641 1085 totum
661 1013 726 1083 iate
745 1014 976 1111 complectitur
997 1014 1130 1099 orbem3

279 1130 343 1213 Et,
358 1126 414 1219 qui
431 1148 499 1192 non
516 1122 629 1217 spatiis
646 1134 758 1207 terrae,
777 1145 846 1190 nou
865 1123 1006 1217 aequoris
1022 1120 1131 1209 undo,

278 1234 358 1303 Non
372 1231 503 1326 capitur
518 1227 618 1313 caelo,
636 1250 758 1319 parvos
777 1227 937 1297 confluxit
954 1230 987 1297 in
1003 1241 1103 1296 ortus.

281 1340 372 1428 Quin
394 1350 428 1405 et
448 1332 600 1429 supplicii
621 1356 764 1420 nomen,
784 1358 952 1428 nexusque
970 1334 1104 1419 subisti,

279 1447 329 1515 Ut
349 1468 411 1511 nos
428 1442 614 1534 subriperes
634 1436 723 1525 leto,
743 1453 952 1533 mortemque
974 1438 1106 1533 fugares

280 1552 393 1618 Morte
412 1562 469 1617 tua
486 1572 495 1614 :
515 1570 592 1614 mox
614 1543 763 1615 etherius
782 1560 916 1615 evectus
935 1548 969 1615 in
988 1567 1105 1633 auras,

278 1658 424 1749 Purgato
442 1653 563 1747 repetis
582 1650 694 1720 iaetum
713 1650 831 1720 tellure
852 1666 1035 1745 parentem.

331 1762 518 1854 Augustum
540 1756 673 1841 foveas,
691 1756 780 1826 festis
801 1770 840 1825 ut
859 1781 945 1851 saepe
962 1756 1077 1826 diebus

278 1871 399 1936 Annua
417 1866 535 1935 sinceri
554 1862 698 1932 celebret
712 1862 837 1957 jejunia
855 1866 947 1932 sacri.

278 2083 374 2122 tenuere
383 2108 392 2133 ,
406 2066 465 2119 MS.
482 2061 570 2117 Oxon‘.
589 2062 661 2117 unde
677 2076 790 2115 mmuere
833 2063 987 2130 dominum,
1003 2082 1133 2136 nusquam
1147 2062 1275 2134 legimus:
1289 2063 1340 2116 nisi

279 2148 438 2221 conjiciebat
446 2145 584 2211 Heinsio„
594 2142 789 2197 introitumMS.
832 2143 906 2216 quod
919 2143 963 2197 ilie
978 2144 1058 2197 Pilati
1070 2142 1240 2197 domnotione
1250 2162 1340 2195 serviem

276 2242 376 2301 patum
389 2224 446 2279 itt
527 2226 530 2231 ’
828 2243 907 2294 poeuoe
918 2224 1016 2277 sectum
1026 2222 1114 2277 dicere
1130 2241 1276 2295 possumus.
1286 2222 1341 2278 Cte-

323 2328 350 2378 9.
367 2306 514 2375 Ob'stupuit,
532 2302 610 2356 Febr.
831 2315 919 2355 terum
938 2313 1026 2375 potett
1043 2303 1125 2356 Poeta
1143 2304 1287 2374 respexisse
1305 2301 1340 2355 ad

325 2406 369 2442 ro.
385 2384 468 2439 Corda
479 2383 602 2436 nominat
614 2400 645 2435 eo
655 2382 735 2454 plone
746 2400 790 2435 re·
831 2381 897 2436 illud
911 2384 1002 2456 poppis
1018 2378 1105 2438 δούλου
1116 2379 1210 2435 ieter.
1223 2412 1264 2425 -
1276 2380 1340 2453 Sup-

280 2469 409 2532 tione,ut
418 2465 614 2518 Germanorum
621 2459 789 2516 consuetudo
828 2463 897 2534 plicii
921 2465 992 2534 vulg.
1013 2464 1152 2535 suppliciam
1175 2481 1279 2525 menen,
1297 2463 1339 2515 vei

280 2549 324 2602 suh
336 2546 407 2600 corde
417 2547 509 2614 gesuri
523 2539 590 2595 dicit
606 2539 727 2594 nondum
741 2559 789 2594 na·
832 2547 914 2595 mortis
928 2542 1003 2596 MSS.
1017 2545 1128 2614 mancipii
1145 2555 1184 2596 est
1197 2560 1212 2595 c
1229 2542 1337 2611 Cujccio

281 2641 339 2692 tos,
353 2627 390 2679 V.
412 2627 448 2678 G.
467 2622 494 2675 11
513 2621 631 2675 Macco.
649 2621 719 2684 vll,
733 2640 788 2687 η,
831 2634 859 2675 et
872 2622 1012 2686 Cleverio,
1032 2637 1099 2694 quos
1112 2621 1231 2692 sequitur
1247 2621 1338 2674 Heius.

279 2719 307 2760 et
319 2707 419 2758 liberos
431 2723 447 2754 c
463 2701 533 2754 corde
544 2700 657 2764 venire,
671 2712 697 2753 et
711 2699 790 2752 redire
878 2718 921 2772 17.
935 2703 1064 2772 Eriperes,
1079 2701 1153 2754 MSS.

278 2786 315 2838 ad
324 2803 381 2849 cor,
396 2784 426 2836 h.
444 2800 467 2835 c.
486 2799 534 2834 cor
549 2792 665 2833 mtu'om
681 2792 790 2850 tangere
875 2777 1252 2852 19.Repetem,vulg.repamm
1259 2779 1339 2831 loemm

279 2883 327 2917 cue
341 2875 436 2916 morte.
452 2860 552 2911 Utrum
567 2860 620 2911 tole
634 2857 703 2930 quid
717 2855 789 2930 apud
832 2871 855 2910 te
867 2859 918 2911 luce
925 2900 933 2924 ,
941 2873 1063 2931 parentem
1072 2862 1222 2930 Augentum,
1235 2859 1257 2911 F
1258 2860 1339 2911 ebrio.

280 2937 789 3003 Grecocvellatioosoliesinrenistur,
828 2951 950 3010 portuum
968 2939 1106 3009 Augustum
1124 2941 1240 3010 jungunt
1259 2939 1341 2992 etiem

279 3015 668 3075 nondumobcervoriAEodem
676 3015 789 3088 quidem
831 3019 875 3070 clii
900 3032 963 3071 cute
985 3019 1088 3072 Claver.
1111 3016 1180 3071 Dedi
1196 3017 1339 3072 lectionem

278 3100 410 3156 sententie
425 3118 451 3154 v.
475 3116 526 3162 η,
539 3097 661 3168 tetrisque
676 3096 720 3150 sub
740 3116 788 3150 uno
831 3097 933 3152 Clever.
948 3097 1022 3150 iens.
1037 3097 1129 3151 Heius.

279 3183 390 3234 Pectore.
404 3176 574 3238 -Μιωόνα,
589 3176 648 3228 MS.
872 3195 917 3230 ιο.
928 3176 1054 3247 Augustos
1056 3215 1117 3231 .....
1134 3176 1264 3238 celebrent,
1279 3175 1340 3228 MS.

322 3254 786 3326 11.Fuden,tt88.etsaa.mrg.
830 3253 904 3328 quod
928 3267 968 3309 est
988 3255 1057 3308 sorte
1078 3253 1170 3310 studio
1190 3273 1343 3308 accommo-

277 3358 375 3409 cepm,
389 3337 449 3394 MS.
830 3333 922 3388 ditum
940 3332 975 3387 cd
987 3346 1106 3407 tempus,
1126 3353 1179 3406 quo
1197 3333 1251 3386 duo
1265 3348 1343 3388 eraut

321 3437 366 3472 η.
379 3419 446 3480 linc,
463 3417 535 3486 vulg.
546 3434 607 3478 uno,
621 3412 684 3468 Atd.
833 3413 955 3484 Augusti.
968 3445 1009 3458 -
1022 3414 1070 3468 Hie
1095 3426 1158 3468 sunt
1182 3431 1274 3484 preces
1290 3431 1342 3484 pro

321 3505 367 3561 st.
377 3496 467 3559 Undis,
483 3494 586 3548 Febric.
830 3494 1013 3564 imperatore,
1025 3491 1086 3547 finis
1102 3506 1130 3547 et
1148 3511 1242 3564 scopus
1258 3494 1343 3546 totius

321 3577 429 3632 15.Nce
434 3617 443 3642 ,
457 3576 529 3647 vulg.
829 3571 969 3638 carminis,
980 3591 1064 3644 quum
1084 3571 1151 3626 illud
1170 3572 1257 3626 nullae
1277 3573 1343 3626 aiios

322 3652 787 3726 16.ttmtpttr0metmm,tto
829 3668 935 3722 preces,
956 3651 1061 3705 nulium
1081 3651 1153 3705 aliud
1175 3650 1343 3706 desiderium

278 3755 357 3792 meno
376 3733 484 3807 quidem
499 3734 659 3798 intellecto,
674 3730 785 3785 subiisse
829 3730 969 3801 exprimat.

549 3935 1050 3974 ----ooo·--—--
