3034 4900
395 462 464 529 DE
492 462 547 527 vl
574 462 717 529 CONS.
746 464 991 531 HONORII.
1151 465 1221 537 123

157 598 253 664 Rore
271 596 328 689 pio
344 618 520 689 spargens,
537 608 571 663 et
585 592 657 661 dira
674 593 863 688 fugantibus
881 594 991 667 herbis

154 702 327 789 Numina,
347 700 590 795 purificumque
609 703 726 769 Jovem
744 702 954 796 Triviamque
971 718 1140 798 precatus,

155 811 268 877 Trans
285 822 386 902 caput
404 809 528 877 aversis
544 807 697 875 manibus
712 804 878 899 jaculatur
897 810 931 877 in
953 824 1101 879 austrum

156 917 285 984 Secum
301 928 455 1008 rapturas
473 928 604 983 canmta
622 912 752 1007 piacula
770 914 879 983 taedas.
1185 944 1223 981 n..

213 1020 334 1091 Acrior
349 1022 477 1089 interea
497 1019 624 1089 visendi
642 1020 802 1115 Principis
822 1020 922 1091 ardor

155 1125 326 1196 Accendit
346 1151 425 1195 cum
443 1124 538 1219 plebe
557 1128 685 1211 Patres,
703 1140 738 1194 et
757 1152 843 1221 saepe
863 1142 1018 1221 negatum

157 1231 308 1327 Flagitat
321 1232 520 1301 adventum:
539 1257 601 1302 nec
621 1229 677 1301 tali
699 1230 831 1327 publica
844 1248 922 1303 vota

156 1341 338 1409 Consensu
353 1337 491 1407 tradunt
507 1340 596 1407 atavi
616 1337 754 1414 caluisse
772 1364 831 1433 per
848 1340 990 1427 Urbem,

157 1446 291 1515 Dacica
304 1442 498 1539 bellipotens
515 1467 619 1539 quum
637 1444 781 1539 fregerat
798 1445 918 1541 Ulpius
931 1471 1039 1539 mma,
1187 1470 1224 1507 ³³³

157 1552 274 1645 Atque
295 1550 503 1645 indignantes
520 1553 554 1619 in
566 1552 641 1644 jura
656 1550 829 1646 redigeret
842 1554 983 1637 Arctoa,

158 1658 280 1746 Quum
301 1656 406 1727 fasces
423 1659 555 1727 cinxere
576 1659 749 1751 Hypanin,
767 1660 949 1753 mirataque
967 1658 1054 1753 leges

549 1788 564 1829 Α

158 1885 254 1922 rorum
268 1864 394 1931 domina,
409 1867 568 1921 tralaticium
582 1880 635 1931 est,
647 1880 674 1919 et
718 1866 1114 1941 incantamentisdepulsa5nam
1126 1868 1226 1939 piacula

162 1944 196 1999 ad
216 1946 357 1999 Theocriti
371 1946 533 2017 Virgiliique
550 1946 673 1999 Pharma·
720 1960 782 2000 sunt
796 1946 907 2000 crimina
919 1947 1056 2019 expianda.

160 2024 332 2089 cents-ias3ad
345 2025 461 2090 Tibulli,
474 2028 500 2087 1,
515 2046 562 2091 rr,
579 2030 626 2091 613
640 2025 674 2079 ad
759 2025 826 2079 331.
842 2027 892 2080 Hic
909 2026 979 2079 redit
996 2040 1074 2099 poeta
1095 2025 1129 2079 ad
1148 2046 1224 2097 argu-

160 2106 317 2160 Nernesian.
330 2106 385 2157 Ecl.
399 2106 451 2169 IV,
462 2105 515 2169 63,
528 2118 601 2160 etc.a
610 2106 674 2159 viris
719 2117 838 2158 mentum
850 2126 941 2173 suum,
954 2105 989 2158 ad
998 2107 1164 2177 praesentiam
1175 2108 1227 2158 Im·

163 2184 252 2238 doctis
266 2185 432 2254 explicatum.
475 2192 478 2196 ’
717 2186 846 2256 peratoris
866 2186 894 2237 in
915 2186 1059 2251 urbasus,
1079 2185 1227 2255 suscipien-

206 2265 277 2333 3²7·
291 2265 453 2335 Fugaatr'buu
463 2262 605 2318 credebant
618 2264 673 2316 Ve·
718 2260 838 2334 dumque
847 2264 885 2317 ibi
894 2266 1073 2321 consulatum.
1083 2285 1098 2317 a
1110 2284 1164 2337 quo
1177 2264 1230 2317 dis-

165 2358 237 2397 tercs
252 2340 380 2396 daemonia
394 2344 479 2418 fugari
494 2363 570 2416 posse
585 2342 674 2397 herbis
718 2358 830 2398 cesserat
845 2364 869 2397 v.
886 2348 957 2411 126,
971 2344 1079 2398 exordio
1091 2345 1168 2401 altius
1184 2364 1226 2397 re·

131 2435 137 2444 '
162 2421 331 2496 quibusdam.
676 2451 684 2457 “
718 2422 834 2496 petendo
847 2443 862 2477 a
876 2424 950 2480 clade
962 2424 1069 2479 Alarici.

204 2505 273 2572 ³²9·
283 2502 364 2570 Quod
373 2516 440 2556 nam
451 2517 536 2576 caput,
549 2516 576 2557 et
587 2509 674 2556 aversis
760 2503 824 2558 333.
835 2505 960 2576 Flagitat,
974 2525 1029 2558 non
1039 2503 1114 2577 quod
1125 2501 1229 2558 deside·

162 2585 272 2637 mrbus
278 2587 416 2656 jactantur
425 2583 506 2646 tedae,
517 2584 544 2637 b.
556 2603 580 2636 e.
593 2585 674 2650 laces,
718 2585 805 2649 rium,
820 2603 865 2638 sen
879 2584 959 2638 ardor
973 2585 1073 2658 flagitet
1086 2582 1228 2638 adventum

160 2667 261 2736 lipara
274 2684 296 2718 s.
305 2665 425 2736 piacula,
436 2662 503 2716 illud
512 2664 599 2735 ipsum
610 2683 675 2736 quo·
718 2663 864 2736 Principis;
880 2663 927 2720 sed
942 2666 1023 2720 efficit
1039 2677 1070 2718 ut
1083 2676 1189 2718 senatus
1201 2663 1228 2717 e't

161 2764 212 2815 que
222 2746 384 2816 frequenter
393 2743 576 2797 observatum:
585 2744 630 2797 hie
641 2744 673 2797 il·
717 2744 852 2814 populus,
867 2742 1000 2798 desiderio
1015 2743 1152 2810 ardentes,
1165 2763 1227 2798 eum

160 2823 207 2877 lud
224 2825 319 2879 nescio
336 2843 370 2876 an
387 2823 537 2894 singulare,
556 2822 630 2896 quod
649 2827 674 2875 r'n
718 2821 846 2894 flagitent.

160 2917 276 2958 austrum.
297 2903 334 2956 Id
352 2901 461 2956 videtur
480 2901 541 2956 ideo
558 2903 672 2971 fretum,
760 2902 826 2957 335.
848 2903 910 2957 Non
928 2904 962 2958 ita
978 2905 1108 2978 expetitus
1127 2916 1166 2957 est
1180 2900 1228 2956 ad·
1254 2928 1257 2934 ·

160 2984 235 3054 quod
259 2981 338 3038 sedes
363 2983 399 3036 ibi
424 2995 490 3036 esset
513 2980 672 3038 damonum.
718 2981 1010 3057 rentuslllpiiTrajani
1020 2985 1048 3036 in
1057 2983 1158 3038 Urbem
1169 2996 1230 3056 post

161 3063 242 3116 Certe
261 3062 432 3134 Porphyrius
452 3063 673 3133 p.cxx1Barnes.
717 3061 842 3116 victorias
859 3063 975 3118 Dacicus.
992 3063 1094 3116 Harum
1109 3063 1230 3118 victoria·

161 3141 217 3194 huc
232 3143 333 3196 trahit:
352 3141 426 3214 quod
440 3155 517 3195 alitro
534 3141 674 3213 Nympha·
717 3161 779 3195 nam
803 3142 905 3213 insigne
927 3143 1122 3196 monimentum
1145 3153 1229 3195 exstat

160 3240 223 3273 rum
239 3221 375 3274 Homerus
388 3217 438 3274 od.
453 3244 480 3284 ν,
498 3240 564 3288 112,
580 3221 675 3274 tribuit
719 3215 850 3276 Columna
863 3223 985 3292 Trajani,
995 3224 1066 3293 justo
1089 3221 1227 3274 volumine

159 3299 284 3374 duplices
288 3303 396 3374 januas,
408 3299 442 3353 ad
450 3303 558 3358 boream
569 3301 677 3368 alteras,
719 3301 845 3372 explicata
864 3321 878 3356 a
898 3302 1031 3354 Fabretto.
1049 3299 1102 3354 Sed
1120 3313 1228 3364 uuum,

161 3383 318 3435 mortalium
335 3381 496 3436 commeatui
514 3380 676 3444 destinatas,
719 3379 843 3452 quando,
859 3379 1015 3453 quomodo,
1033 3400 1094 3434 cum
1111 3379 1229 3434 exercitu

162 3461 253 3514 alteras
269 3459 306 3515 ad
319 3473 457 3522 austrum,
471 3478 549 3532 quem
563 3461 621 3514 Diis
634 3479 674 3514 as·
719 3461 820 3514 victore
834 3459 984 3526 addictos,
1003 3461 1133 3534 Hypanin.
1150 3459 1229 3513 Maso-

164 3540 315 3610 signarcnt,
338 3543 381 3596 τὸν
405 3543 484 3596 Νότον
508 3543 569 3601 θεοῖς
589 3542 675 3611 νέμον·
720 3546 791 3592 ticam
810 3542 976 3612 pervenerit,
991 3560 1048 3594 non
1064 3553 1130 3612 puto
1152 3556 1230 3610 poasc

165 3639 221 3683 τις,
233 3633 280 3673 stc.
466 3655 470 3662 -
719 3619 895 3674 demonstrari
907 3617 997 3677 hodie.
1010 3621 1089 3674 Certe
1101 3631 1230 3691 quatenus
1324 3646 1327 3656 ν

207 3696 270 3751 ³30.
290 3701 414 3761 Piacula,·
430 3700 499 3754 lanes
515 3698 675 3753 ridebantur
719 3711 783 3752 nota
798 3712 837 3753 est
852 3701 932 3753 Dacia
950 3701 1058 3772 Trajani
1075 3697 1230 3776 provincia,

164 3775 269 3830 auferre
281 3781 323 3831 vel
334 3781 594 3845 incantamenta,vel
604 3779 676 3852 cogi·
719 3781 789 3834 ultra
798 3781 897 3834 Istrum
909 3799 963 3834 non
976 3780 1090 3832 multum
1101 3774 1230 3850 producta

165 3855 278 3909 tationes
290 3861 432 3912 criminum
443 3900 451 3928 ,
461 3877 522 3930 quas
534 3861 676 3912 turbabant
719 3857 832 3913 videtur.
848 3857 901 3911 Sed
913 3859 977 3930 legit
991 3856 1152 3910 Claudianus
1165 3856 1229 3908 Dio·

162 3947 291 3988 msntem.
311 3939 359 3990 Vel
379 3959 430 4012 per
451 3951 552 3991 eanuta
572 3940 675 4011 piacula
720 3939 762 3992 nis
774 3939 914 4002 historias,
926 3936 959 3990 de
969 3935 1230 4008 quibusfortcnirnis

160 4015 299 4086 intellige,
317 4017 383 4071 laces
401 4038 495 4092 rapere
516 4037 604 4070 secum
625 4019 675 4071 cri-
718 4037 803 4091 pauca
816 4017 949 4086 excerpsit
959 4017 1035 4070 nobis
1044 4016 1208 4090 xiphilinus.

160 4094 232 4148 mina
246 4097 394 4164 incantata,
412 4117 460 4151 seu
474 4097 635 4151 carminibus
648 4112 674 4152 et
759 4098 825 4166 337.
840 4095 959 4166 Ilipoula
966 4117 976 4159 ‚·
987 4116 1069 4168 qurum
1081 4097 1163 4151 fasces
1176 4097 1228 4145 Im-
