3034 4900
247 479 319 551 150
474 479 547 547 CL.
577 477 882 546 CLAUDIANI
910 477 1057 544 ΧΧΙΧ.

242 614 336 703 Quos
356 634 462 705 neque
479 608 658 703 frigoribus
671 612 809 694 Boreas,
826 632 888 677 nec
904 608 1007 678 Sirius
1022 612 1091 679 urit

243 718 406 803 AEstibus,
426 730 549 785 aeoerno
567 714 624 785 sed
646 716 732 783 veris
749 713 877 783 honore
894 713 1049 785 rubentes

241 827 328 893 Fons
342 822 534 916 Aganippea
549 822 748 889 Permessius
764 820 883 889 educat
898 819 987 888 unda
1004 846 1012 887 ε

240 928 340 999 Unde
355 930 417 1022 piae
433 939 616 1022 pascuntur
630 950 729 1021 apes,
743 940 778 994 et
794 940 888 1020 proto
905 923 1050 1019 legentes

239 1034 480 1105 Transmittunt
494 1030 597 1102 saeclis
612 1030 784 1101 Heliconia
799 1028 896 1099 mella
912 1030 1039 1101 futuris.

240 1142 381 1235 Dignius
396 1162 440 1207 an
455 1152 547 1207 votes
563 1135 644 1207 alios
659 1137 806 1207 exercuit
820 1161 925 1205 unum
1003 1180 1006 1189 -

240 1247 402 1315 Femineae
416 1244 548 1313 virtutis
566 1240 669 1337 opus?
685 1256 838 1313 consorte
853 1241 1026 1337 redempto

241 1354 342 1421 Casta
356 1349 498 1419 maritali
516 1350 674 1419 successit
687 1346 845 1418 Thessala
865 1346 954 1428 sato,
1013 1340 1015 1347 ’

241 1459 348 1551 Inque
364 1480 440 1525 suos
457 1456 602 1549 migrare
618 1456 729 1525 virum
748 1478 817 1525 non
838 1454 954 1523 abnuit
968 1476 1081 1521 annos.

241 1565 315 1631 Hoc
331 1560 424 1632 Graii
442 1575 635 1629 memorant.
652 1561 754 1629 Latiis
770 1574 883 1629 movet
896 1582 955 1628 ora
971 1560 1137 1629 Camoenis
1279 1592 1303 1633 »s

243 1668 382 1736 Praescia
397 1665 542 1740 fatorum
556 1663 734 1760 Tanaquil,
749 1665 944 1760 rediensque
960 1690 1019 1759 per
1038 1656 1144 1735 undas

243 1893 317 1927 rores
325 1892 418 1944 regum
430 1884 478 1926 :ut
485 1890 581 1943 nempe
588 1872 675 1944 ἱμαω
685 1892 749 1945 quo·
797 1876 869 1940 1103
885 1873 998 1933 XXXV.
1018 1892 1063 1942 9⁰.
1077 1906 1116 1919 -
1128 1876 1245 1927 Maurius
1257 1874 1300 1926 ἄν·

238 1972 297 2025 que
318 1954 386 2024 regis
404 1970 502 2005 nomen
520 1952 598 2005 latius
616 1966 698 2024 patet.
714 1953 750 2004 Di
793 1958 850 2009 aaa,
863 1952 1008 2023 Antholog.
1018 1952 1135 2013 lib.1.c.
1148 1952 1211 2017 XII,
1220 1954 1270 2024 Ep.
1278 1954 1301 2005 1.

244 2034 359 2103 Datque
371 2033 451 2085 etiam
469 2030 601 2087 inferioris
614 2032 750 2096 subsellii,
836 2033 863 2086 8.
883 2032 1018 2084 Pemcssus
1039 2032 1174 2086 Heliconis
1195 2034 1253 2085 lons
1276 2045 1303 2084 et

245 2124 276 2165 ut
301 2112 344 2165 hic
365 2112 441 2164 Musa
463 2112 599 2183 Calliope,
624 2130 698 2183 reges
724 2124 751 2164 et
795 2110 896 2165 flumen
909 2110 981 2182 apud
993 2110 1100 2165 Hesiod.
1115 2112 1217 2183 Theog.
1231 2112 1305 2175 5‚et

246 2190 346 2261 regina
364 2202 441 2256 sunt,
454 2202 485 2244 ut
495 2190 595 2243 Gracia
607 2191 712 2251 ἄνακτις
725 2202 752 2243 et
796 2190 1011 2261 VirgssinmJnl.
1017 2192 1067 2256 v1,
1078 2194 1123 2256 64.
1131 2189 1196 2244 Vid.
1207 2192 1305 2244 Strabo

246 2270 363 2323 ἄνασσαι.
797 2270 855 2333 ΙΧ,
872 2288 900 2340 p.
921 2272 986 2324 281.
1006 2272 1047 2322 De
1064 2272 1195 2341 Aganippe
1212 2271 1254 2325 vel
1273 2289 1306 2323 ex

288 2352 316 2402 6.
329 2348 413 2402 Sirius
426 2349 501 2401 stelle
514 2359 554 2400 est
567 2349 595 2400 in
610 2367 657 2404 ore
673 2348 752 2402 Cani·
796 2348 894 2413 xvn,
906 2368 961 2419 ²7²
971 2388 978 2413 ‚
989 2362 1110 2403 constare
1118 2363 1212 2421 potest.
1223 2348 1304 2403 Ovid.

247 2427 329 2490 cula,
350 2444 410 2498 qna
429 2427 523 2481 astatis
541 2428 641 2482 onom
657 2446 752 2500 augere
797 2428 866 2482 Post.
879 2429 916 2492 V,
930 2449 958 2500 7,
969 2426 1135 2499 Hiupocrenen
1145 2428 1306 2500 Agunippida

245 2507 281 2559 ab
293 2507 410 2578 antiquis
420 2505 521 2560 credita
531 2520 579 2559 est.
799 2527 883 2560 unum
897 2508 997 2562 sontem
1010 2508 1081 2561 facit·

295 2604 323 2658 7.
350 2587 421 2637 Veris
448 2587 558 2639 laam
588 2604 643 2640 ease
674 2585 754 2640 florea
838 2584 1303 2658 9.InhacallegoriapioeapcaPoetae

246 2677 374 2736 apertum¹
390 2677 430 2718 est
451 2684 457 2716 ε
481 2665 587 2719 rubentes
608 2677 753 2737 nonputo
799 2679 881 2720 sunt:
901 2679 992 2729 casim,
1013 2684 1099 2736 pure,
1123 2682 1181 2734 qun
1202 2663 1304 2720 nullam

246 2743 401 2814 simpliciter
417 2741 452 2796 ad
470 2744 586 2798 colorem
604 2744 754 2816 patinara,
799 2747 923 2818 cuiqnam
945 2745 1067 2816 injuriam
1088 2743 1217 2808 inierunt3
1233 2741 1305 2797 unde

246 2819 294 2874 aed
308 2822 394 2874 lucem
403 2834 436 2891 fit
451 2821 571 2874 vividum
586 2823 754 2895 splendorem
800 2845 814 2878 a
828 2823 962 2877 Nicandro
977 2834 1105 2876 vocantur
1120 2823 1233 2892 ιῦαγίις,
1246 2843 1304 2874 san·

247 2899 380 2966 inclinare,
395 2913 426 2953 ut
439 2901 514 2970 Virg.
531 2901 629 2972 Georg.
643 2905 692 2967 IV,
707 2904 754 2969 36,
799 2916 854 2966 ctu,
864 2907 926 2972 pioe,
932 2902 989 2954 bane
995 2914 1106 2972 agentes:
1115 2913 1140 2953 et
1146 2900 1210 2952 hinc
1219 2901 1304 2955 forte:

217 3011 223 3022 ›
249 2979 315 3032 Ante
330 2985 395 3032 aevu
408 2980 509 3032 rubeant
519 3000 590 3052 quam
600 2994 674 3052 prata
689 2983 754 3035 colo·
803 3010 814 3032 ι
829 2984 946 3036 Deorum
952 2981 1088 3052 posteritas
1097 2979 1144 3034 has
1155 2981 1306 3050 regnissuis

247 3059 313 3112 ribus
331 3075 339 3112 2
358 3073 385 3112 et
404 3079 475 3112 suave
493 3060 577 3112 nubens
595 3061 753 3131 hyacinthus,
799 3061 1045 3132 excepit.·Qttintil.
1057 3062 1085 3113 in
1098 3060 1240 3114 Dedamat.
1253 3059 1307 3114 Sed

247 3139 304 3192 Ecl.
320 3140 377 3204 111,
392 3139 448 3194 63:
467 3151 494 3192 et
508 3159 579 3192 suave
595 3141 681 3192 rubens
697 3160 754 3192 aar·
800 3154 826 3194 et
837 3141 931 3194 melina
937 3145 988 3211 pice
999 3138 1232 3211 dicuntur‚pnto,
1242 3141 1306 3212 quia

246 3222 335 3280 cuam,
348 3218 404 3272 Cir.
418 3223 465 3289 96.
477 3219 511 3271 Et
521 3237 556 3272 ne
566 3219 687 3290 objicias,
698 3239 756 3272 nar·
799 3221 893 3274 lovem
906 3221 1087 3272 aluerunt.-
1098 3221 1177 3272 Prata
1191 3220 1304 3290 agenta,

246 3297 755 3362 ciuoarubroaetiammemorari,etiam
799 3297 1087 3371 quacolliguntflores
1096 3311 1244 3371 pratorum.

246 3376 404 3447 hyacinthos
416 3395 471 3430 non
482 3376 563 3431 modo
574 3379 754 3448 ferrugineos,
843 3397 884 3430 ro.
894 3379 1023 3430 Heliconia
1033 3379 1103 3431 niella
1108 3400 1119 3442 ,·
1133 3391 1216 3449 poetae
1226 3391 1307 3430 uana·

247 3452 293 3508 aed
303 3467 330 3507 et
339 3455 435 3509 rubros
444 3474 451 3508 :
463 3457 548 3528 cogita
558 3457 638 3510 etiam
647 3458 755 3509 Brachia
799 3457 1112 3528 mittuntposteritntiaua
1119 3457 1307 3526 carminaquo-

243 3553 364 3604 purpurea
383 3535 523 3588 candidiora
540 3541 592 3590 niae
608 3554 664 3590 esse
680 3537 755 3590 Albi·
800 3537 839 3590 vis
853 3537 931 3590 melle
946 3535 1073 3590 dulciora.

247 3613 346 3666 nonani
362 3615 403 3678 11,
421 3618 456 3667 62
471 3633 478 3666 ε
495 3627 522 3669 et
535 3616 612 3669 olom
623 3634 755 3687 pur-prauos
843 3618 887 3671 13.
898 3615 1075 3670 Tiausalahsio
1082 3613 1192 3668 Alcestis
1200 3612 1308 3667 Admeti

247 3693 351 3747 Horatii
361 3694 421 3746 Car.
433 3694 483 3758 IV,
496 3712 521 3758 r,
533 3713 575 3748 ro.
585 3696 690 3766 Nempe
697 3714 757 3764 pur-
801 3698 898 3767 conjux
911 3708 959 3748 eat.
973 3694 1037 3749 Vid.
1053 3695 1163 3760 XXVI,
1180 3691 1247 3764 439.

243 3772 755 3845 pumamethicrubemeataplendidum,
844 3778 887 3827 16.
910 3775 1044 3844 Tanaquil,
1062 3772 1204 3844 Tarquinii
1225 3773 1309 3826 Prisci

247 3848 355 3903 luminis
370 3852 495 3922 plenum,
509 3855 609 3924 ἀγλαόν.
624 3852 688 3906 Vid.
704 3855 754 3906 ta·
800 3857 905 3925 conjux,
914 3864 979 3907 teste
989 3853 1077 3920 Livio,
1087 3854 1110 3919 1,
1122 3852 1172 3915 34:
1184 3855 1273 3923 perita,
1283 3863 1311 3904 ut

247 3927 325 3981 oenla
337 3929 375 3990 ,ad
393 3932 469 4001 Virq.
486 3936 546 3987 AEn.
563 3933 618 3997 vl,
638 3937 711 3996 641,
728 3944 756 3984 et
800 3933 875 4002 vulgo
884 3933 983 3986 Etrusci
991 3971 998 3995 ‚
1010 3933 1137 3986 coekstium
1145 3933 1309 4004 prodigiorum

248 4025 315 4078 quoa
330 4007 421 4061 laudat
437 4011 577 4075 Curtillus,
595 4031 615 4064 a.
637 4012 755 4066 Clericus
800 4013 883 4064 ardisr
890 4032 900 4074 ,·
911 4013 987 4083 cujus
999 4013 1038 4066 rei
1049 4011 1086 4065 ilii
1098 4012 1241 4084 specimina
1253 4027 1308 4062 me·

247 4086 281 4140 ad
297 4087 457 4140 Albinovani
472 4091 491 4140 Ι.
507 4109 530 4142 c.
547 4091 626 4144 Conf.
642 4092 755 4154 xxxl,
799 4105 943 4145 morantur.
959 4093 998 4146 De
1013 4091 1114 4156 cintia,
1129 4093 1188 4144 niv.
1203 4089 1244 4154 11,
1260 4088 1303 4140 13.
