3034 4900
453 465 523 532 DE
550 463 720 532 BELLO
748 467 958 536 GETICO.
1188 465 1232 561 57

115 591 289 661 Threicio
312 591 472 664 funesta
491 593 585 682 solo;
606 619 664 664 seu
684 595 751 664 fata
770 597 951 684 vocabant,

121 700 193 766 Seu
216 700 352 792 gravis
376 701 438 768 ira
459 703 592 788 Deum,
611 703 729 772 seriem
750 702 907 773 meditata
925 704 1037 773 ruinis.

175 805 236 873 Ex
252 803 346 894 illo,
374 831 596 901 quocumque
608 809 716 902 'vagos
737 810 874 903 impegit
890 811 1051 903 Erinnys,

125 910 335 981 Grandinis
367 926 436 982 aut
452 914 562 982 morbi
581 916 663 1000 ritu,
679 939 739 1008 per
752 914 848 983 devia
863 939 975 984 rerum

124 1017 376 1112 Praecipites,
401 1043 465 1114 per
485 1019 596 1088 clausa
615 1034 740 1088 ruunt:
760 1045 822 1090 nec
840 1022 978 1116 contigit
997 1020 1071 1090 ullis
1205 1047 1241 1098 ns

128 1121 343 1212 Amnibus,
372 1139 438 1194 aut
458 1123 602 1221 scopulis
622 1126 774 1221 proprias
793 1125 970 1196 defendere
988 1142 1104 1197 terras.

128 1227 188 1298 Nil
208 1229 431 1326 Rhodope,
451 1230 498 1299 nil
516 1247 629 1301 vastus
646 1231 772 1320 Athos,
788 1231 833 1301 nil
854 1232 980 1327 profuit
996 1237 1132 1304 Hamus

133 1334 308 1429 Odrysiis
328 1363 338 1405 :
370 1336 458 1406 facili
473 1352 701 1433 contemptum
719 1341 896 1432 Strymona
913 1337 1018 1424 saltu,

134 1443 183 1510 Et
208 1441 366 1512 frustra
384 1443 539 1538 rapidum
557 1443 717 1513 damnant
732 1443 924 1514 Aliacmona
940 1444 1040 1515 Bessi.

136 1547 320 1620 Nubibus
349 1550 514 1618 intactum
536 1549 678 1620 Macedo
698 1551 838 1620 miratur
858 1550 1038 1646 Olympum
1207 1574 1244 1611 ιω

191 1752 270 1806 171.
289 1737 385 1799 Fata,
402 1751 429 1792 et
444 1740 483 1790 ira
492 1737 692 1808 Deumsibiop·
735 1741 809 1809 μοῖρα
821 1739 1111 1803 τοῦὸίου,ῑιῑιιιιιῑίῐω.
1122 1739 1245 1811 Scaliger.

145 1829 323 1888 ponantur.
357 1817 409 1869 Illa
434 1817 504 1869 serie
531 1817 693 1871 immutabili
780 1817 1112 1887 175.Clamtmrellastm
1121 1819 1247 1872 alcinus«

147 1906 240 1966 atque
267 1910 377 1950 aterna
397 1913 539 1950 eaumrum
564 1908 591 1949 et
614 1915 692 1950 eren·
735 1897 814 1951 MSS.
827 1897 916 1952 Heius.
929 1896 1029 1952 Eadem
1041 1899 1098 1952 iere
1109 1897 1247 1953 diversitas

150 1986 241 2028 tnnm
259 1975 461 2029 eontinentur:
478 1977 535 2030 hae
546 1975 694 2048 interponit
735 1978 824 2042 est,11
833 1977 862 2030 in
873 1977 965 2031 Rufio.
974 1997 1000 2032 v.
1013 1980 1064 2039 28,
1078 1978 1125 2031 ubi
1137 1977 1245 2050 Caspia,

155 2071 188 2108 ae
211 2067 297 2108 extra
322 2054 402 2107 illum
425 2053 560 2108 ordinem.
585 2055 630 2108 Sic
651 2054 692 2108 di·
737 2056 958 2120 lucrmelamtrr.

158 2147 237 2186 eunt
245 2135 309 2200 sato
322 2153 371 2187 sno
384 2136 468 2199 mori,
484 2135 533 2206 qui
549 2135 650 2206 exlege
667 2148 694 2189 et
781 2153 843 2206 177.
855 2135 953 2188 Hebrus
966 2136 1025 2188 Bas.
1039 2154 1122 2206 marg.
1137 2146 1164 2189 et
1173 2135 1247 2189 MSS.

163 2213 328 2267 machinali
341 2215 441 2267 ratione
460 2215 583 2286 corporis
600 2216 694 2266 morbo
737 2214 804 2286 quid
819 2214 911 2268 Barth.
928 2227 955 2268 et
973 2215 1066 2268 Heius.
1080 2245 1121 2256 -
1136 2215 1249 2286 Rhodope

167 2305 394 2359 asumuntur,
403 2292 473 2364 qnod
485 2294 601 2365 qumsitn
614 2287 695 2348 manu
738 2313 816 2347 mons
826 2306 866 2347 est
875 2294 996 2348 Thracias
1006 2294 1080 2348 sicut
1091 2305 1119 2346 et
1128 2294 1212 2347 Athos
1225 2308 1251 2348 et

172 2389 229 2424 sna
255 2372 300 2426 rel
326 2372 409 2426 aliena
429 2373 512 2426 m'orti
537 2373 693 2445 opponitur.
738 2373 856 2428 Haemus.

173 2450 244 2505 Huc
260 2452 320 2524 ipsa
337 2464 425 2507 umen
440 2458 478 2506 ira
494 2454 574 2506 Deum
588 2472 695 2525 quoque
782 2454 994 2524 179.Aliacmoa,
1005 2452 1252 2507 aflaliaosnonlda·

171 2530 300 2585 ordinem
314 2545 421 2599 serrat,
434 2546 462 2587 et
473 2532 586 2586 modum
602 2552 695 2605 quem-
738 2532 879 2587 aedoniam
895 2534 1031 2606 propriam
1044 2534 1201 2587 a'l’hessalia
1214 2534 1253 2588 di·

170 2608 236 2665 dam
248 2610 350 2684 agendi
366 2631 417 2683 per
436 2632 527 2667 causas
540 2614 696 2688 naturaliter
739 2612 817 2666 vidit.
828 2614 948 2665 -Bsssi
960 2614 1030 2665 inter
1041 2613 1158 2666 Thracas
1173 2614 1252 2666 etiam

171 2692 342 2760 efficientes,
353 2690 409 2744 boc
425 2705 479 2756 est,
495 2696 579 2745 seriem
594 2693 696 2745 medita·
738 2692 918 2745 bellioosiores
928 2692 1021 2745 babiti.
1035 2686 1092 2745 Sed
1104 2693 1148 2764 qui
1157 2692 1254 2746 hieto·

175 2775 320 2834 maechis,
337 2790 400 2842 qna
413 2790 469 2824 non
486 2791 542 2825 uno
555 2772 658 2843 impetn
669 2784 697 2825 et
739 2784 793 2825 tam
818 2771 948 2825 Graeciam
966 2770 1093 2825 describit
1110 2784 1203 2844 poeta,
1226 2785 1254 2826 et

174 2851 293 2905 sinealia
309 2868 392 2905 causa
403 2851 547 2923 ingruunt,
560 2850 607 2905 ted
624 2852 698 2905 velut
739 2852 813 2903 velut
823 2849 945 2922 depingit
959 2852 988 2904 in
1008 2852 1175 2916 tabula,non
1191 2852 1254 2905 satis

175 2930 361 3002 elonginqno
377 2944 522 3001 parantur,
541 2944 567 2983 et
588 2949 637 3002 per
655 2951 697 2985 se·
738 2930 1255 3001 hniolooointentusluit,quumBessos‚

175 3009 245 3065 siem
268 3008 419 3081 qnamdam
432 3011 507 3064 velut
527 3023 647 3063 rotarum
669 3030 697 3063 se
739 3010 856 3063 multum
867 3008 900 3062 ad
909 3010 1048 3066 Orientem
1056 3023 1082 3062 et
1089 3011 1254 3081 Septentrio·

176 3088 396 3160 contingentium
411 3103 439 3143 et
454 3090 650 3161 impellentium
664 3088 698 3143 sd
740 3109 803 3142 nem
815 3102 943 3158 remotos,
960 3090 1024 3143 facit
1038 3087 1192 3141 damnantes
1201 3090 1256 3141 Ali·

177 3168 517 3223 finmerettoemmsuum
529 3170 698 3240 perveniunt.
742 3187 867 3233 asmona,
882 3169 946 3239 qui,
972 3166 1083 3239 rapidus
1102 3168 1180 3233 licet,
1199 3187 1255 3239 non

223 3248 470 3319 17a.&riem.·sen
482 3250 528 3301 Dii
540 3249 697 3321 irati‚cogi-
741 3247 860 3320 potuerit
877 3266 967 3301 arcere
989 3248 1080 3301 Getas.
1099 3247 1182 3318 Atqui
1200 3247 1254 3301 He·

175 3341 266 3382 tentes
282 3328 431 3382 immittere
446 3328 556 3393 seriem,
568 3348 613 3381 seu
627 3330 700 3399 prin·
742 3329 822 3391 bras,
840 3325 874 3399 ad
889 3346 971 3399 quem
986 3327 1110 3380 colebant
1124 3328 1213 3392 Bessi,
1228 3340 1255 3381 et

174 3408 280 3480 eipinm
289 3409 380 3461 ruinae
389 3420 619 3478 nostrae,gentem
629 3408 699 3463 hanc
742 3408 872 3478 Strymon
901 3420 978 3461 eram
1006 3419 1068 3460 ante
1094 3406 1257 3478 superandi,

177 3487 650 3541 bocemcontranosimmiserunt.
743 3506 825 3558 qnam
851 3486 885 3539 ad
909 3488 1065 3541 Aliaomona
1087 3489 1257 3558 pervenirent

223 3570 288 3637 173.
312 3567 417 3619 Exsilio
439 3568 472 3619 al.
495 3586 645 3638 quoscunque
665 3567 699 3619 al.
744 3569 777 3621 ab
793 3568 863 3619 Istro
882 3567 966 3620 Getae.
987 3567 1101 3637 Reliqua
1117 3567 1202 3618 lector
1213 3568 1257 3636 jn·

185 3672 226 3684 -
239 3648 371 3719 Erinnys:
392 3646 487 3713 Furia,
507 3644 578 3699 dicto
594 3648 643 3700 ἀπὸ
657 3651 700 3700 τοῦ
744 3644 860 3699 condius
873 3666 935 3699 cum
950 3647 1039 3699 tabula
1051 3646 1198 3699 Cellariana
1217 3645 1258 3697 rel

186 3723 462 3798 dibnsmrvofisquia
470 3726 621 3795 corrumpit
629 3744 703 3779 men·
745 3726 795 3779 alia
809 3728 987 3797 comparabit,
1006 3744 1084 3795 qnam
1107 3723 1193 3793 longis
1210 3721 1257 3776 ad·

186 3814 255 3857 tem:
271 3807 302 3858 ab
314 3806 367 3860 bae
384 3806 482 3877 agitari
498 3803 628 3859 dicuntur
647 3824 701 3859 soe-
744 3806 926 3861 notationibus
939 3804 985 3857 liic
998 3804 1130 3857 declarata
1139 3802 1218 3872 leget.

183 3880 264 3935 lenti
276 3898 301 3937 et
314 3886 422 3939 l'nriosi.
790 3886 854 3937 180.
865 3885 972 3936 Montes
984 3882 1086 3934 nubibus
1099 3884 1200 3935 intactos
1208 3902 1262 3937 me·

229 3968 294 4033 174.
303 3966 384 4019 Morbi
389 3986 399 4019 :
409 3984 461 4038 per
468 3964 594 4017 morbum
601 3976 702 4036 pestem
746 3975 834 4016 morat
851 3963 887 4014 Is.
895 3964 974 4014 Voss.
986 3959 1020 4012 ad
1033 3960 1148 4026 Melam,
1161 3962 1205 4028 11,
1226 3984 1259 4029 2,

171 4042 550 4117 intelligoquoontagioue
559 4056 701 4113 grassatur.
747 4062 775 4113 p.
794 4040 859 4105 443.
875 4041 993 4092 -Ils'nc
1013 4052 1099 4095 mewa
1110 4043 1159 4094 ‘vel
1174 4063 1203 4095 ea
1224 4054 1259 4091 10-
1276 4042 1279 4049 '

168 4124 279 4181 Morbus
307 4123 411 4181 dicitur
439 4124 519 4197 quasi
546 4124 640 4193 μέρος,
662 4124 703 4177 vel
748 4134 812 4173 ctum
823 4122 894 4193 οου]Ι
907 4120 1000 4175 Heius.
