3034 4900
283 446 354 534 154
516 452 588 519 cn
616 452 917 523 CLAUDIANI
945 456 1091 523 XXIX.

277 580 483 674 Principibus
499 580 641 653 fecunda
654 582 738 676 piis3
755 582 815 651 tibi
831 582 949 653 saecula
964 584 1086 653 debent
1310 618 1335 656 rs

276 686 454 780 Trajanum
472 711 479 754 :
496 689 594 756 series
609 687 661 757 his
676 687 821 759 lontibus
837 688 920 759 AElia
936 690 1038 759 linxit.

277 791 363 861 Hinc
380 793 490 861 senior
505 808 616 886 pater;
630 793 708 863 hinc
720 795 881 887 juvenum
896 794 1081 865 diademata
1095 796 1243 865 fratrum.

276 898 429 991 Namque
445 896 515 967 aliae
531 914 662 993 gentes,
677 924 759 993 quas
775 899 899 971 loedere
914 903 1022 971 Roma
1039 903 1179 997 recepit,

274 1005 343 1071 Aut
358 1005 456 1073 armis
473 1003 616 1089 domuit,
629 1006 738 1074 varios
757 1019 913 1103 aptantur
929 1008 963 1075 in
983 1032 1061 1077 usus

274 1109 411 1203 Imperii
428 1135 436 1176 :
453 1110 581 1179 Phariae
598 1124 743 1206 segetes,
757 1127 792 1181 et
808 1112 932 1181 Punica
949 1114 1062 1183 messis

274 1217 466 1284 Castrorum
485 1215 606 1285 devota
621 1216 697 1287 cibo
713 1242 721 1284 :
739 1216 798 1286 dat
812 1216 920 1287 Gallia
935 1217 1037 1287 robur

274 1318 389 1389 Militis
410 1346 418 1388 :
439 1319 576 1415 Illyricis
597 1322 717 1392 sudant
736 1324 934 1417 equitatibus
951 1322 1021 1393 alae.

274 1424 351 1494 Sola
366 1450 491 1495 novum
512 1430 614 1497 Latiis
631 1427 771 1523 vectigal
790 1429 898 1498 Iberia
912 1430 1011 1499 rebus

274 1530 444 1619 Contulit,
463 1535 638 1627 Augustos.
660 1537 806 1629 Fruges,
827 1537 959 1621 aeraria,
980 1534 1073 1605 miles

272 1637 428 1731 Undique
450 1642 670 1726 conveniunt,
691 1654 827 1736 totoque
848 1666 888 1710 ex
909 1641 989 1711 orbe
1008 1639 1187 1736 leguntur3
1303 1668 1334 1707 cr

274 1745 352 1810 Haec
373 1758 526 1837 generat,
542 1747 599 1838 qui
616 1760 738 1815 cuncta
754 1761 872 1841 regant
892 1773 900 1815 τ
924 1772 985 1817 nec
1004 1746 1100 1816 laude
1115 1748 1264 1815 virorum

272 1850 408 1917 Censeri
426 1864 582 1919 contenta
602 1851 682 1938 luit,
698 1852 760 1920 uisi
782 1852 941 1921 matribus
962 1877 1053 1947 aeque

273 1955 447 2040 Vinceret,
467 1970 519 2040 et,
538 1957 669 2049 gemino
690 1959 841 2027 certatim
862 1956 1033 2052 splendida
1052 1983 1149 2043 sexu,

274 2058 460 2130 Flaccillam
479 2064 686 2157 Mariamque
704 2062 798 2133 daret
817 2062 1057 2158 pulchramque
1077 2065 1243 2133 Serenam.

323 2168 372 2235 Te
389 2182 559 2254 nascente,
578 2168 689 2237 ferunt
706 2192 767 2263 per
783 2170 918 2264 pinguia
938 2168 1026 2238 culta
1044 2183 1225 2239 tumentem
1308 2210 1333 2248 ς.

271 2272 403 2342 Divitiis
422 2274 563 2343 undasse
583 2276 729 2368 Tagum:
746 2274 900 2344 Callaecia
921 2277 993 2344 risit

270 2503 419 2558 mutatum,
440 2506 467 2546 et
490 2494 588 2564 quibus
608 2491 778 2546 rationibus?
867 2498 915 2548 6².
938 2495 1013 2548 Miles
1036 2493 1145 2564 antiqua
1170 2491 1273 2544 ratione
1298 2493 1335 2544 ab

271 2590 326 2624 non
342 2570 476 2639 difficilis,
494 2571 542 2626 red
560 2572 666 2643 longior
680 2584 720 2626 est
735 2571 777 2625 di·
822 2574 911 2645 equite
946 2572 1126 2644 distinguitur.
1156 2601 1196 2612 -
1224 2570 1331 2638 Illyrico

269 2651 580 2721 sporatio-Memfim
601 2653 631 2704 in
651 2651 778 2722 Hispania
820 2666 911 2724 gentes
932 2651 1018 2706 adhuc
1038 2663 1185 2721 equestrem
1208 2647 1331 2701 militiam

268 2731 360 2782 multra
374 2733 432 2784 auri
445 2732 597 2803 argentique
607 2749 697 2799 veno,
713 2749 778 2802 quas
822 2744 910 2784 amant
927 2751 934 2783 t
954 2730 1017 2784 inde
1037 2729 1082 2784 illa
1098 2729 1280 2794 Hnsarorum,
1299 2741 1331 2781 ut

268 2827 354 2878 nque
364 2808 398 2862 ad
408 2810 565 2862 maculam
574 2811 777 2864 celebrantdri-
821 2809 901 2864 bodie
912 2821 1053 2872 vocantur,
1065 2807 1212 2878 disciplina.
1226 2806 1330 2878 Nempe

269 2889 384 2955 stoteles‚
395 2887 529 2942 Diodorus
539 2889 656 2954 Siculus,
665 2889 778 2957 Plinius,
820 2889 958 2960 loquimur
966 2887 1000 2942 do
1008 2888 1126 2960 illyrico,
1135 2897 1267 2957 quantum
1274 2899 1332 2940 erat

269 2969 391 3023 Iustinus
403 2969 495 3022 etalii.
822 2967 961 3024 Claudiani
990 2980 1081 3032 atate,
1112 2963 1146 3018 ed
1175 2965 1331 3018 Danubium

310 3047 356 3104 56.
372 3048 450 3102 Sen'es
462 3049 554 3112 AElia,
571 3046 737 3114 Hadrianus,
749 3061 779 3102 et
822 3067 936 3120 unques
954 3048 1014 3102 sinn
1030 3045 1094 3100 inde
1112 3043 1265 3098 Hadriatico
1284 3064 1331 3115 pa·

268 3127 316 3200 qui
331 3129 364 3181 ab
380 3146 413 3181 eo
427 3147 526 3183 nomen
541 3126 778 3199 per-adoptionem
822 3140 900 3194 tenu
920 3125 976 3180 vid.
998 3125 1032 3179 ad
1055 3125 1123 3188 VH,
1150 3141 1216 3178 nor.
1239 3123 1330 3178 Verbo

268 3206 777 3279 duxere.SenicrpoterTheodosiusert;
820 3202 1188 3272 smeleiuremmredo,
1197 3221 1329 3274 equorum

263 3289 361 3356 juvarer
360 3289 453 3354 [ναῖκι
461 3287 589 3342 Arcadius
597 3287 776 3340 etHonorins.
820 3287 907 3342 voluit
918 3299 1019 3340 notare.
1033 3285 1126 3337 Horat.
1140 3285 1227 3338 carm.
1235 3282 1260 3346 1,
1268 3299 1330 3346 ur,

269 3365 342 3418 Dicit
347 3368 462 3436 jurem
472 3368 612 3420 diadema
623 3365 657 3420 ad
668 3366 777 3436 rignan-
822 3383 854 3433 9,
869 3366 941 3418 Elian
952 3377 1054 3436 quantun
1064 3365 1138 3435 epiris,
1151 3374 1252 3435 quantus
1262 3359 1331 3412 adast

268 3443 777 3516 dosjuvenerdiademateregioornatos.
820 3443 1087 3497 onustiori-Ans
1095 3439 1329 3512 &requiramus

310 3523 356 3580 58.
379 3524 469 3579 Gentes
488 3539 579 3592 vocat,
596 3523 644 3579 sed
664 3523 779 3577 maxime
821 3524 938 3578 militum
954 3524 1076 3586 cobortes,
1094 3523 1162 3574 bene
1175 3519 1256 3572 Poeta
1270 3535 1328 3570 me·

266 3602 408 3674 regionum
422 3604 540 3675 ipsarum
554 3622 665 3658 munera
677 3603 777 3658 intelli·
821 3603 943 3656 minorat.

268 3683 598 3754 gerel’oetam,apparet.
860 3681 1172 3744 68.Sron,·ordtu,semu,
1186 3675 1241 3729 alii.
1314 3726 1318 3734 ,

308 3766 355 3816 61.
378 3764 472 3816 Dorcea
490 3761 596 3817 ridetur
613 3761 726 3826 dixisse,
745 3774 777 3814 ut
861 3755 1331 3830 69.AEliaFtacottta‚mner1mpe-

268 3838 330 3894 inde
344 3861 443 3900 numen
456 3840 563 3915 aliquod
575 3854 603 3896 et
614 3841 705 3896 divina
719 3859 775 3894 ma·
819 3841 914 3894 rator-is
924 3838 1099 3902 Honorii,X,
1111 3835 1157 3899 43.
1170 3835 1265 3897 Mota,
1277 3835 1331 3888 llo-

265 3919 343 3984 jero·
367 3922 475 3992 Imperii
502 3925 579 3976 Rom.
603 3921 774 3992 intelligatur.
818 3920 889 3974 norii
902 3919 1007 3974 comitis
1020 3935 1102 3982 uror,
1115 3927 1199 3968 mater
1217 3913 1329 3967 Serene.

267 3995 325 4050 Deo
340 3998 412 4051 enim
428 4003 537 4072 proprie
552 4003 658 4056 dece
673 3997 775 4072 aliquid
859 4017 892 4068 71
918 3997 1060 4070 Hispanico
1083 3994 1208 4058 nomina,
1225 4006 1252 4046 ct
1270 3990 1330 4062 qui·

268 4072 379 4129 dicitur.
818 4076 878 4130 dem
893 4078 1026 4149 Hispaniae
1038 4071 1266 4147 septentrionalis,
1280 4087 1331 4140 po·
