3034 4900
491 492 811 562 suscensus
837 492 980 561 xxrv.
1188 492 1259 591 387

206 629 260 697 Sic
277 651 345 695 non
363 617 565 695 imbriferam
585 639 718 694 noctem
738 624 933 694 ducentibus
953 625 1060 695 Haedis

258 735 354 801 Ionio
372 730 504 814 credam
522 731 653 824 turgida
673 730 746 799 vela
764 732 864 817 mari3

208 842 262 909 Sic
281 863 349 907 non
366 839 525 907 Tartareo
542 838 715 906 Furiarum
733 838 870 907 verbere
887 836 1000 931 pulsus

259 946 340 1013 lreti
357 942 500 1038 relegam
518 944 662 1012 carmina
681 945 908 1038 grammatici:

206 1049 306 1120 Nulla
323 1074 414 1119 meos
431 1048 529 1117 traxit
545 1047 696 1144 petulans
712 1048 849 1119 audacia
867 1073 997 1136 sensus,

259 1155 410 1225 Liberior
424 1155 514 1249 justo
532 1179 592 1224 nec
611 1152 691 1223 mibi
708 1152 821 1249 lingua
838 1154 910 1224 fuit.

211 1260 418 1345 Versiculos,
436 1260 556 1347 fateor,
575 1287 643 1330 non
661 1275 757 1331 cauta
773 1286 855 1331 voce
873 1263 1003 1347 notavi,

260 1371 335 1437 Heu
355 1364 470 1437 miser!
490 1368 645 1462 ignorans
662 1392 760 1462 quam
778 1390 879 1461 greve
895 1354 1025 1437 crimen*
1039 1383 1118 1437 eret.

209 1474 363 1568 Orpheos
379 1472 431 1542 alii
450 1472 550 1542 libros
565 1474 700 1568 impune
717 1472 897 1561 lacessunt,

260 1583 330 1649 Nec
347 1595 405 1648 tua
422 1604 575 1650 securum
593 1595 643 1667 te,
661 1580 777 1664 Maro,
798 1579 886 1648 lama
903 1580 1001 1649 vehit.

208 1686 283 1780 Ipse
300 1710 420 1781 parens
435 1702 568 1774 vatum,
588 1687 744 1780 princeps
762 1684 928 1755 Heliconis
945 1688 1108 1755 Homerus

260 1790 384 1862 ludicis
401 1794 530 1887 excepit
545 1789 610 1860 tela
628 1814 741 1860 severa
758 1806 854 1861 notae.

207 1896 270 1967 Sed
288 1923 356 1966 non
373 1895 546 1991 Virgilius,
566 1897 623 1967 sed
642 1922 711 1967 non
729 1911 863 1967 accusat
880 1899 1064 1966 Homerus:

260 2005 385 2073 Neuter
403 2004 490 2072 enim
508 2018 667 2097 quaestor,
685 2028 812 2098 pauper
830 2018 968 2095 uterque
985 2002 1055 2069 fuit.

208 2212 281 2265 sibus
293 2212 365 2265 illins
376 2210 516 2283 judicaret.
530 2212 639 2266 Mutatio
653 2231 715 2284 per·
758 2212 936 2284 grammatici.
957 2231 1071 2283 quorum
1091 2214 1138 2267 irre
1169 2218 1265 2289 passim

207 2291 377 2345 souiseadem
384 2291 716 2363 egiturfabnle.Dumhtec
758 2294 801 2344 vel
820 2290 938 2344 ludibrio
954 2292 996 2345 vel
1010 2289 1178 2347 detestationi
1193 2312 1264 2351 sunt.

207 2370 582 2443 soribo‚pnblice1nrmonlax
590 2372 718 2442 epigram-
758 2372 866 2425 Morsus
895 2382 982 2423 autem
1010 2372 1154 2427 acerrimus
1176 2388 1216 2429 est
1236 2378 1264 2431 in

206 2469 266 2516 ma,
282 2451 310 2503 in
326 2470 380 2523 quo
397 2463 536 2505 accusatur
551 2453 717 2524 Purpurstus
758 2453 842 2505 verbo
850 2452 962 2522 relegam.
968 2452 1031 2504 Post
1037 2454 1187 2523 gravissime
1197 2459 1266 2513 mels

206 2531 307 2601 Regius
320 2529 483 2602 aliquamdiu
492 2545 520 2584 et
531 2550 618 2602 nuper
629 2530 717 2584 edmo-
759 2549 817 2602 quus
842 2533 943 2602 posuit,
967 2531 1108 2594 ultimum,
1133 2549 1265 2591 crescente

207 2609 717 2680 dumPontificius‚bellum,quouunc
758 2611 887 2682 paulatim
912 2609 946 2662 sd
970 2629 1103 2665 summum
1124 2616 1266 2684 oratione,

207 2690 278 2760 perit
286 2691 407 2761 Europa,
415 2690 573 2756 concitasse,
583 2688 657 2762 quod
665 2692 717 2742 Re·
758 2690 851 2762 posuit
860 2692 963 2759 relegam
978 2691 1094 2744 carmine
1106 2691 1166 2746 irati
1178 2714 1264 2766 gram

207 2787 273 2841 gum
286 2770 499 2833 tererestereres,
515 2783 542 2823 et
554 2773 613 2824 Rex
627 2783 717 2842 poeto·
758 2770 862 2832 matici,
876 2770 927 2822 hoc
941 2781 994 2838 est,
1004 2770 1112 2824 Alethii.
1124 2771 1167 2825 Ad
1177 2775 1228 2829 hoc
1238 2795 1266 2830 se

209 2867 287 2914 rum,
297 2849 382 2920 ipsius
393 2851 536 2903 versiculum
548 2851 718 2922 contempsis-
759 2849 829 2920 adigi
842 2861 918 2920 posse
932 2851 1085 2921 negat,nisi
1101 2849 1197 2906 uerbere
1213 2857 1266 2909 Fu·

208 2941 257 2982 set.
274 2929 379 2982 L'Atbe
400 2930 430 2980 de
449 2931 536 2982 Bemu
557 2943 584 2982 et
607 2930 719 2982 Fre'den’c
760 2933 857 2983 νὶανυηι.
875 2930 937 2982 Huc
951 2925 1069 3001 δριμύτης
1084 2931 1163 3002 plane
1176 2937 1267 3006 perit,

209 3009 247 3061 11.
257 3008 308 3061 Eo.
759 3009 783 3064 si
795 3028 855 3062 cum
869 3025 972 3061 summo
982 3009 1044 3063 ullas
1056 3023 1195 3081 poetarum
1206 3016 1266 3068 vin·

252 3106 275 3141 s.
287 3087 465 3159 lurisjuruntli
478 3089 604 3151 formula,
615 3091 652 3142 itu
663 3089 718 3141 evi·
761 3087 820 3141 dioc
835 3107 886 3161 pro
901 3089 1004 3158 relegam
1017 3107 1099 3161 pones
1112 3091 1205 3145 ledam.

208 3180 266 3220 tere
280 3168 347 3220 mibi
358 3168 496 3238 continget
509 3165 679 3220 incommoda
692 3179 719 3220 et
803 3183 829 3238 7.
847 3168 936 3220 Versus
949 3169 1011 3239 cuj.

208 3246 359 3309 molestias,
385 3259 415 3299 ut
443 3265 499 3300 non
524 3248 595 3300 volui
622 3246 718 3300 ledere
802 3248 828 3300 8.
838 3247 915 3300 Solito
927 3266 959 3300 ex
975 3246 1158 3301 MSS-Heius.
1174 3261 1268 3305 contre
1352 3263 1354 3266 '

208 3325 356 3379 Alethium.
763 3325 843 3399 ipsius
859 3326 1008 3379 consilium.

251 3405 279 3457 3·
297 3405 429 3472 Imbnyeris
445 3404 523 3457 MSS.
540 3423 591 3475 pro
609 3418 716 3467 noctem,
802 3423 829 3473 9.
843 3405 925 3458 Mente
937 3405 1011 3458 MSS.

210 3484 294 3537 subm
302 3482 677 3556 conj.fleins.-Colum.11,
688 3504 718 3548 s,
805 3503 849 3538 ro.
864 3485 905 3537 Ne
920 3482 1083 3538 adulterinus
1100 3487 1134 3539 sit
1153 3487 1196 3540 hic
1208 3507 1268 3542 ver·

213 3565 263 3634 73,
273 3565 354 3616 Pridie
364 3563 429 3616 Non.
444 3563 555 3617 Octobris
565 3564 629 3616 lectt
636 3568 718 3615 on'un-
762 3581 819 3628 sus,
836 3566 929 3616 metuit
944 3565 1034 3616 Heius.
1050 3597 1089 3608 -
1103 3563 1267 3621 Indicetivus

211 3655 261 3695 tur.
271 3643 328 3696 lloc
343 3655 464 3714 tempore
475 3643 598 3712 navigare
613 3642 716 3696 desine·
763 3641 874 3706 modus,
886 3655 917 3696 ut
925 3643 969 3696 hic
977 3644 1005 3696 in
1014 3646 1096 3696 verbo
1108 3657 1174 3707 erat,
1189 3648 1266 3700 etisrt

211 3723 286 3775 bsut.
303 3722 537 3793 Noxpluviosseo
551 3722 703 3775 terribilior.
761 3722 862 3793 optima
888 3735 963 3776 estete
985 3723 1126 3776 invenitur.
1146 3724 1209 3778 vid.
1233 3725 1267 3780 nd

252 3807 279 3854 6.
294 3802 391 3866 Ledam
404 3819 435 3855 ex
451 3822 465 3854 s
481 3801 557 3854 MSS.
570 3801 661 3854 Heius·
679 3821 717 3853 re·
762 3803 925 3874 vl11,267.

206 3883 391 3951 legamornnes
401 3881 573 3934 alii—Duo
580 3881 718 3934 irritabilis
805 3901 850 3934 rr.
864 3884 975 3934 Asci-eos
990 3884 1059 3954 conj.
1074 3881 1163 3934 Heius.

210 3979 307 4032 genere
320 3961 349 4012 in
367 3979 421 4014 nno
434 3961 543 4013 homine
563 3961 718 4031 conjungit,
804 3967 849 4014 16.
872 3961 924 4012 Pro
937 3981 1044 4031 pauper,
1058 3973 1143 4031 pastor·
1158 3962 1214 4014 MS.
1230 3995 1270 4006 -

211 4059 298 4093 unum
320 4054 460 4113 poetarum
479 4034 492 4107 (
510 4039 584 4111 quod
597 4041 633 4092 itu
645 4053 722 4093 vocnt
766 4043 864 4112 Pauper
871 4051 966 4112 uterquc
971 4059 1036 4104 ,·uec
1045 4041 1149 4094 felicius
1159 4042 1211 4096 suit
1218 4027 1289 4114 epi-¹

211 4119 277 4172 Hor.
294 4120 377 4191 Epist.
393 4121 439 4183 11,
454 4139 487 4185 α,
506 4117 594 4181 rot),
611 4121 723 4174 alterum
768 4121 805 4173 cis
824 4121 1028 4186 recentioribus;
1054 4139 1182 4192 pauperes
1201 4124 1271 4175 enim

1048 4223 1116 4298 25²
