3034 4900
372 427 619 499 EPITHAL.
648 428 785 499 Paul.
813 431 877 498 ET
904 433 1089 504 CELER.
1190 463 1261 536 ¹79

197 567 288 656 Quas
301 567 454 634 Benacus
470 559 546 651 alit,
564 583 645 656 quas
663 563 786 658 excipit
805 586 901 634 amne
915 569 1027 660 quicto

196 673 364 742 Mincius:
384 669 505 764 creptis
523 668 691 738 obmutuit
710 669 799 738 unda
817 671 966 764 querelis.

197 777 332 848 Eridani
353 778 459 872 ripas,
478 789 511 844 et
528 797 636 844 raucae
655 789 772 870 stagna
786 777 922 848 Padusae

198 883 387 980 Diffugiens
408 880 547 952 nudavit
561 878 642 951 olor.
659 883 831 952 Laetantur
843 885 999 971 Amores,

196 991 410 1084 Frenatisquc
431 1002 541 1064 trucoe
555 987 671 1060 avibus
689 1012 749 1083 per
766 987 879 1058 nubila
898 992 986 1060 vecti

198 1099 379 1166 Ostentant
398 1119 432 1164 se
450 1095 589 1189 quisque
607 1097 703 1180 Dcae,
720 1119 908 1190 magnoque
926 1096 1070 1168 tumultu

197 1201 411 1297 Confligunt,
423 1201 586 1294 pronique
601 1224 719 1271 manus
733 1202 768 1269 in
784 1202 922 1272 verbera
936 1204 1094 1294 tendunt,

197 1309 305 1402 Atque
322 1309 457 1402 impune
478 1305 625 1376 cadunt:
643 1306 755 1402 lapsus
769 1307 906 1378 meliore
919 1309 1033 1380 volatu

197 1415 432 1508 Consequitur,
453 1413 619 1507 vincitque
638 1437 714 1484 suos
733 1415 847 1510 auriga
861 1414 998 1512 jugales.
1226 1452 1262 1488 ..ε

248 1521 298 1590 Ut
318 1517 456 1588 thalami
477 1519 614 1614 tetigere
631 1519 736 1606 foros,
757 1534 829 1590 turn
845 1545 923 1591 vere
939 1523 1097 1600 rubentes

196 1629 352 1720 Desuper
368 1627 537 1694 invertunt
551 1624 721 1710 calathos,
740 1625 915 1723 largosque
931 1653 1080 1700 rosarum

196 1732 347 1820 Imbres,
368 1746 402 1800 et
419 1729 523 1800 violas
540 1729 646 1826 plenis
667 1756 815 1827 sparsere
832 1733 995 1829 pharetris

197 1837 363 1910 Collectas
374 1837 514 1907 Veneris
531 1851 645 1932 prato,
660 1838 779 1933 quibus
793 1839 862 1933 ipse
878 1843 1027 1935 pepercit

196 1946 318 2032 Sirius,
334 1957 369 2014 ct
382 1958 513 2013 teneras
530 1942 683 2013 clementi
702 1943 809 2014 sidere
827 1945 918 2015 fovit

198 2051 381 2120 Gemmatis
401 2046 455 2117 alii
474 2073 535 2144 per
554 2063 660 2120 totum
679 2049 826 2120 balsama
845 2066 970 2122 tectum

200 2156 356 2226 Elluderc
374 2153 479 2244 cadis,
493 2155 579 2225 duro
592 2179 665 2250 quae
683 2157 814 2226 saucius
830 2181 941 2252 ungue

201 2259 346 2332 Niliacus
361 2263 476 2357 pingui
494 2259 633 2332 desudat
650 2260 787 2332 vulnere
805 2277 927 2332 cortex.

243 2438 305 2491 108.
322 2435 437 2507 (lueretur
452 2435 556 2500 avium,
571 2432 708 2507 speciatim
752 2434 890 2507 archetypi
900 2433 1055 2491 Callimachi
1065 2433 1183 2510 leporem
1193 2480 1202 2507 ,
1214 2446 1262 2517 qui

195 2517 388 2582 lusciniarum,
403 2516 511 2579 vocari,
526 2514 643 2569 solemne
653 2528 707 2570 est:
750 2513 786 2567 de
794 2516 940 2589 Hymenaeo
954 2505 1022 2569 lituu
1036 2519 1159 2587 κουράων,
1173 2522 1262 2595 iuquit

195 2610 222 2651 et
247 2598 389 2665 Quenmtur
410 2599 436 2647 in
453 2596 526 2667 sylvis
548 2614 619 2659 ares,
641 2594 707 2648 Hor.
750 2594 1257 2670 Hymn.inDelum297,pnpp.·lcusrur.

195 2676 283 2749 Epod.
297 2678 344 2743 Π,
361 2682 405 2729 26.
568 2722 572 2731 ,
750 2676 943 2745 Μορμόσσισθαι
954 2687 993 2727 est
1001 2688 1076 2746 gestu
1089 2679 1207 2749 quodum
1217 2724 1224 2749 ,
1234 2700 1261 2739 et

237 2777 303 2826 109·
316 2754 440 2809 Padum:
453 2772 500 2807 «ex
511 2752 584 2807 Pado
598 2764 707 2823 augum
749 2751 947 2824 pronuntianda
963 2773 1028 2808 voce
1040 2758 1151 2829 Μορμὼ,
1160 2780 1260 2832 puero,

192 2838 265 2890 fossa
278 2838 433 2889 Ravennam
448 2834 579 2897 trahitur,
592 2834 639 2885 ubi
657 2832 707 2885 Pn-
750 2844 850 2886 terrere
869 2833 979 2900 leviter,
999 2846 1031 2887 ut
1048 2838 1128 2907 paulo
1144 2856 1205 2910 post
1222 2846 1259 2897 ri.

193 2915 263 2971 dnsa
276 2927 405 2981 vocatur,
424 2911 561 2986 quondam
580 2912 708 2965 Messani-
750 2910 840 2965 deaut.
854 2912 898 2965 sic
913 2914 1016 2983 puellas
1028 2926 1110 2970 terret
1119 2918 1258 2991 Hymenaei

192 2992 707 3066 cnsappellstusn.Plinius.-1laucam
749 2992 860 3046 mentio.
883 2991 935 3045 Sed
955 2992 1057 3065 reliqua
1078 2998 1158 3050 edam
1178 2999 1259 3074 hujus

190 3088 271 3130 vocat
299 3074 441 3139 Paduam,
465 3070 532 3125 Padi
554 3090 575 3125 s.
597 3068 707 3124 Eridani
748 3072 801 3125 loci
813 3084 875 3125 sunt
886 3071 1045 3126 dulcissima.

191 3156 312 3218 ostium,
331 3155 367 3207 ob
381 3152 411 3206 id
428 3154 516 3224 ipsum
537 3149 611 3223 qnod
626 3169 707 3205 rauco
793 3152 857 3205 113.
880 3150 1028 3222 confligunt.
1049 3152 1141 3225 Pugna
1154 3155 1258 3214 ludicra

191 3252 344 3305 cycnorum
355 3232 467 3303 strepitu
482 3242 616 3304 personet.
630 3230 706 3301 Virg.
749 3228 905 3297 decertant,
921 3230 986 3284 dum
1006 3232 1118 3304 quisquc
1136 3240 1257 3293 certatim

192 3318 250 3369 ΕΛ,
264 3314 326 3377 XI,
343 3312 419 3375 458:
748 3308 861 3382 propius
875 3309 964 3364 adesse
979 3311 1041 3364 Dera
1055 3328 1198 3386 properat,
1218 3320 1256 3372 fa.

351 3406 489 3461 ...piscosas
502 3418 560 3445 smus
572 3404 654 3465 Padus·
748 3381 825 3443 elliu!
838 3403 869 3442 ut
882 3390 934 3461 ipsi
947 3390 1104 3445 vellfioelut.

195 3478 243 3521 Dm
252 3480 345 3521 misum
356 3477 411 3517 md
423 3489 459 3529 pn·
467 3486 534 3529 ιιιςιιι
547 3476 634 3528 10quet·
645 3476 705 3528 qut
792 3474 856 3533 114.
867 3468 966 3540 Imptmc
973 3470 1063 3522 cadum
1072 3470 1108 3524 tle
1117 3476 1172 3527 suis
1181 3478 1256 3532 velut

235 3571 300 3607 uo.
310 3549 436 3612 Nudam,
446 3546 567 3619 reliquit,
577 3545 705 3600 destituit.
747 3548 840 3619 equis,
854 3547 959 3614 trihus,
974 3549 1035 3620 qnia
1048 3550 1099 3621 ipsi
1117 3554 1254 3623 volucres,

238 3648 303 3685 ιιι.
323 3628 395 3683 Mira
411 3627 525 3681 susum
545 3639 572 3679 et
592 3626 705 3679 Alexan·
747 3628 795 3699 qni
807 3645 932 3698 superare
944 3629 1034 3682 volatu
1047 3648 1106 3683 ares
1123 3634 1234 3702 possint.

198 3706 277 3763 drino
295 3706 420 3783 quedam
439 3706 540 3760 delicia
557 3707 586 3759 in
600 3708 706 3774 frenatis
792 3711 855 3759 116.
876 3708 993 3770 Ruburtes
1010 3727 1066 3761 non
1085 3728 1140 3762 uno
1156 3713 1253 3769 colore.

200 3789 292 3857 cubus,
304 3791 333 3843 iu
350 3788 462 3841 nomine
479 3799 571 3853 truces,
587 3799 613 3839 et
626 3786 654 3838 in
673 3803 704 3837 eo
747 3784 813 3839 Vid.
829 3783 863 3839 ad
875 3779 983 3849 mx,
1000 3805 1026 3856 7.

199 3867 272 3938 quod
280 3872 411 3923 ostentant
420 3888 446 3919 sc
458 3869 554 3937 quisque
562 3866 633 3919 Dece.
645 3864 706 3917 Huc
791 3864 853 3917 118.
864 3866 957 3918 Dulcis
967 3863 1076 3935 quidam
1084 3866 1169 3935 lusus,
1180 3875 1253 3943 quod

197 3946 264 3999 mihi
275 3949 361 4019 pictor
371 3946 470 4018 aliquis
479 3944 648 4015 ingeniosus,
658 3945 705 4015 qui
747 3943 782 3998 de
793 3944 913 4014 pharetris
925 3942 1006 3996 modo
1016 3946 1125 4001 Amores
1144 3969 1199 4004 non
1214 3974 1254 4007 sa-

195 4043 257 4079 mm
274 4040 350 4098 poen
369 4038 466 4082 certet.
486 4023 558 4079 Illud
581 4036 656 4079 trum
676 4024 706 4077 in
750 4023 1252 4095 gitmspargunrterfihiles,sedvutoe.

195 4118 308 4163 mentem
328 4108 399 4163 milri
413 4115 522 4159 revocat
535 4102 706 4157 Alexandrini
794 4100 857 4157 123.
870 4101 981 4159 Niliaco
991 4117 1072 4159 cortes
1082 4108 1190 4162 balsami
1200 4130 1252 4164 non

1040 4203 1104 4273 12²
