3034 4900
357 459 423 530 DE
451 458 616 528 RAPTU
644 462 881 532 PROSERP.
915 467 1006 535 LlB.
1036 468 1084 536 11.
1177 467 1250 540 225

186 597 303 662 Frater
318 605 405 679 crat,
422 588 602 686 Phoebiquc
620 614 721 686 genas
736 606 769 661 ct
787 591 911 663 lumina
925 596 1040 666 Phoebi

186 702 269 769 Esse
287 711 400 793 putes,
418 694 571 791 solusque
587 695 689 767 dabat
705 697 894 770 discrimina
908 725 1012 772 sexus.

187 803 329 875 Brachia
344 801 433 873 nuda
451 804 558 872 nitent
574 829 581 870 ε
601 802 727 874 levibus
741 805 927 900 projecerat
943 811 1031 878 auris

187 908 352 981 Indocilea
370 933 481 979 errare
499 933 626 998 comas,
642 934 787 1005 arcuque
804 915 941 983 remisso

189 1019 266 1087 Otia
285 1041 408 1086 nervus
426 1017 509 1110 agit3
526 1014 672 1111 pendent
687 1033 763 1110 post
780 1033 873 1114 terga
889 1021 1024 1115 sagittar.
1072 1069 1075 1076 -

188 1125 364 1217 Crispatur
384 1123 517 1218 gemino
535 1125 634 1194 vestis
652 1125 814 1218 Gortynia
831 1127 943 1195 cinctu

188 1229 317 1325 Poplitc
335 1229 407 1298 fusa
425 1243 541 1316 tenus,
555 1244 710 1324 motoque
726 1231 760 1297 in
777 1233 916 1301 stamme
931 1232 1034 1303 Delos

188 1338 307 1424 Errat,
325 1349 359 1405 et
379 1350 495 1404 aurato
514 1335 656 1404 trahitur
677 1336 870 1406 circumflua
889 1353 1003 1432 ponto.
1225 1371 1250 1411 ss

243 1443 336 1532 Quas
352 1443 438 1511 inter
457 1443 588 1511 Cereris
605 1440 733 1536 proles,
753 1468 843 1513 nunc
865 1442 970 1539 gloria
985 1448 1118 1535 matris,

189 1551 272 1618 Mox
291 1547 402 1636 dolor,
420 1545 537 1642 aequali
556 1547 662 1616 tendit
681 1573 741 1644 per
762 1552 911 1643 gramina
927 1575 1041 1645 passu,

189 1658 261 1726 Nec
282 1655 439 1724 membris
458 1677 520 1722 nec
539 1654 669 1731 honore
687 1655 812 1742 min0r;
826 1659 998 1752 potuitque
1015 1659 1119 1728 videri

189 1759 316 1850 Pallas,
334 1762 361 1830 si
379 1759 549 1856 clypeum,
567 1763 594 1829 si
611 1761 714 1830 ferret
730 1760 877 1854 spicula,
895 1763 1027 1861 Phoebe.

191 1865 347 1938 Collectae
365 1868 460 1936 tereti
478 1865 646 1935 nodantur
661 1867 787 1962 jaspide
807 1881 923 1938 vestes.

189 1975 332 2044 Pectinis
349 1974 481 2071 ingenio
498 1996 680 2067 numquam
699 1971 825 2043 felicior
841 1976 905 2042 arti
1003 1970 1006 1975 ’

191 2081 341 2176 Contigit
360 2093 517 2163 eventus3
534 2076 633 2148 nullae
652 2081 699 2149 sic
719 2103 866 2148 consona
884 2079 956 2150 tclae

190 2185 277 2274 Fila,
297 2211 360 2257 nce
381 2185 416 2254 in
438 2199 567 2255 tantum
585 2185 655 2254 veri
675 2185 798 2255 duxere
820 2185 971 2280 figurarul

192 2380 249 2420 erat
266 2369 351 2420 multa
369 2363 518 2420 similitudo
537 2365 625 2419 fratris
644 2366 700 2431 sui,
744 2366 816 2420 illius
836 2377 960 2420 naturam
981 2386 1011 2421 ac
1031 2381 1129 2423 sortem
1150 2371 1251 2436 luisse,

193 2449 297 2521 pulchri
311 2446 461 2519 Apollinis,
476 2458 527 2499 etc.
743 2458 885 2519 antequam
907 2448 1036 2501 Latonam
1058 2451 1251 2517 parturientem

234 2530 278 2582 31.
289 2526 408 2583 indociles
420 2546 502 2589 comoe,
517 2543 576 2597 quar
587 2543 644 2577 nou
655 2544 700 2578 co·
743 2526 897 2597 excepisset.

192 2608 299 2673 luatur,
314 2606 474 2673 flectuntur,
493 2603 541 2659 sed
556 2624 632 2658 suum
650 2604 701 2659 sibi
785 2607 831 2661 38.
844 2607 932 2659 Honor
940 2605 1021 2661 credo
1032 2608 1123 2663 hicest
1132 2611 1252 2682 pulchri·

193 2688 329 2759 ingenium
341 2699 466 2741 serram:
482 2697 514 2738 ut
524 2697 617 2738 contra
626 2684 698 2756 apud
743 2683 823 2752 tudo,
835 2704 849 2738 a
861 2704 916 2757 quo
929 2685 1058 2741 dicuutur
1070 2687 1190 2757 honesti,
1200 2711 1250 2745 no·

193 2767 286 2821 Horat.
300 2765 334 2820 de
347 2769 411 2820 Arte
422 2765 497 2819 Post.
511 2768 611 2831 66,eat
624 2766 700 2817 annu's
742 2765 817 2818 minc
831 2762 897 2819 adeo
912 2784 927 2818 a
939 2766 1067 2837 primaria
1080 2769 1125 2823 illa
1140 2769 1253 2827 honoris

193 2848 288 2901 Doctus
301 2851 347 2899 iter
360 2848 452 2899 melicas.
742 2845 854 2898 notione
864 2842 1031 2914 discedente,
1042 2860 1074 2901 ut
1083 2854 1163 2901 armos
1171 2852 1251 2905 etiarn

234 2928 281 2981 33.
303 2926 425 2999 Gortynia
446 2928 528 2987 uestis,
552 2922 700 2989 Cretensip,
743 2924 851 2980 honestos
873 2923 962 2979 dicere
978 2927 1067 2981 Varro
1084 2928 1152 2981 nihil
1172 2929 1251 2985 dubi-

193 3008 222 3059 iu
234 3025 285 3079 qua
299 3006 387 3059 insula
402 3005 437 3057 ob
449 3000 564 3059 venandi
580 3000 699 3056 studium
742 3004 845 3057 taverit.

192 3106 268 3141 arom
281 3098 308 3141 et
320 3084 421 3156 sagittas
433 3084 548 3156 optimu.
562 3083 603 3134 De
616 3081 700 3135 Diona
777 3082 918 3153 39.Etiam
924 3084 1250 3159 huncrcrsumdaclypeo

193 3166 312 3222 Cretensi
319 3164 422 3219 dictum
431 3162 465 3219 ad
474 3164 576 3227 XXIV,
587 3162 701 3225 athe
742 3163 872 3217 Minerua
888 3164 1000 3234 pulchre
1017 3164 1131 3219 illustrat
1147 3166 1251 3238 Spanh.

192 3250 383 3317 geminarium,
394 3242 428 3298 ad
440 3243 541 3300 XXIV,
556 3238 699 3315 247.Add.
742 3242 772 3295 in
782 3242 888 3297 callim.
898 3244 999 3315 Hymn.
1009 3245 1039 3297 in
1050 3242 1148 3299 Pellad.
1162 3265 1188 3300 v.
1199 3255 1250 3315 44,

192 3326 291 3399 Spaulr.
307 3324 345 3379 ad
360 3324 464 3377 Gallim.
479 3322 515 3382 H.
534 3322 561 3375 in
575 3322 653 3375 Dian.
672 3340 699 3373 v.
742 3341 772 3394 p.
786 3320 852 3393 576.

193 3425 236 3470 xa,
250 3426 278 3479 p.
296 3406 370 3469 134,
386 3405 432 3457 uhi
444 3416 506 3457 sunt
527 3420 701 3455 nummorum
785 3407 828 3464 4⁰·
846 3402 919 3455 Tem
924 3404 1004 3473 jaspis
1013 3403 1101 3475 itaque
1112 3404 1252 3480 fnissepo.

193 3486 320 3558 imagines
328 3485 402 3537 huuc
412 3483 529 3538 cinctum
539 3481 701 3535 exhibentes.
743 3481 818 3535 nitur
829 3499 890 3554 para
899 3480 999 3537 fibulae.

235 3566 282 3629 34.
294 3565 393 3620 Stamen
404 3560 524 3625 videtur,
536 3559 703 3632 synecdoche
786 3567 832 3624 41.
851 3560 973 3615 Laudare
990 3562 1049 3616 vult
1066 3576 1166 3619 vestem
1184 3564 1252 3618 Pro·

194 3642 325 3716 quadm,
338 3642 489 3717 significare
505 3654 588 3695 totam
602 3652 702 3695 restem
743 3640 857 3713 serpiuu
874 3659 882 3694 ε
900 3646 950 3693 ori
964 3645 1080 3711 pectinis,
1100 3644 1203 3714 iuquit,
1222 3646 1251 3700 h.

193 3724 305 3789 Dianas,
326 3737 356 3777 ut
375 3724 486 3787 XVIII,
509 3723 580 3786 304,
600 3721 628 3773 in
650 3738 702 3791 quc
744 3738 768 3774 e.
791 3718 916 3784 texendi,
938 3738 1074 3791 nunquam
1095 3724 1202 3791 iugenio
1226 3738 1253 3778 et

193 3818 288 3877 partus
308 3803 390 3875 ipsius
412 3813 598 3873 argumentum
617 3800 702 3853 intex-
744 3800 839 3871 peritia
851 3797 959 3853 artificia
972 3798 1083 3869 Contigit
1093 3814 1187 3855 coenem
1192 3805 1252 3871 felt.

192 3899 254 3940 tum
265 3881 409 3937 iudicatur.
421 3884 492 3935 Dum
502 3879 603 3934 incedit
612 3882 666 3932 Dea
677 3890 704 3931 et
745 3883 804 3933 sior.
824 3877 916 3931 Nostri
935 3877 1071 3941 dicerent,
1094 3880 1144 3934 Nic
1162 3885 1196 3934 ist
1212 3884 1255 3937 der

191 3962 441 4029 movetse‚1)elus
456 3960 484 4013 iu
498 3973 572 4014 reste
588 3958 640 4012 lilia
657 3976 703 4012 au·
748 3960 830 4012 Krmst
852 3957 928 4010 duret
951 3957 1030 4023 Hilse
1053 3958 1095 4011 des
1119 3958 1196 4017 Geso
1217 3968 1256 4017 ein

190 4045 244 4100 reis
270 4042 344 4116 picta
368 4040 477 4096 videtur
495 4057 583 4094 errare
597 4050 624 4091 ct
639 4036 705 4091 fluc-
749 4037 916 4095 Ststclrbesser
926 4037 1048 4106 gerathea

190 4138 377 4195 nimquam
392 4120 499 4191 lingunt
511 4135 608 4191 nempe
622 4128 707 4190 poeto
794 4118 841 4182 43.
851 4114 1145 4183 Ven',·idsst‚fllanihll
1156 4118 1256 4175 discn-

274 4235 326 4303 ΙΙ.
1036 4222 1079 4295 15
