3034 4900
309 488 382 556 CL.
410 487 693 559 CLAUDIANI
717 479 797 558 XL.
826 493 1070 562 EPISTOLA
1097 496 1147 562 ΙΙ.
1184 493 1256 590 307

194 666 335 689 mmm
338 668 1262 696 mmmmmfflmssmw!

691 860 769 927 XL.

544 1066 593 1110 11.-
617 1068 670 1110 uu
698 1037 922 1114 stanuum*

646 1217 830 1242 o*-

567 1357 898 1416 ARGUMENTUM.

201 1521 300 1593 Quum
308 1515 423 1595 Orphei
430 1515 460 1572 iu
468 1513 705 1591 Thracianuptiae
712 1513 944 1587 celebrarentur,
954 1516 1030 1574 dona
1041 1539 1095 1576 suo
1104 1523 1163 1579 vati
1176 1524 1269 1583 facere

242 1598 434 1656 deererenmt
456 1596 524 1652 ierae
542 1605 573 1650 et
584 1593 737 1666 volucres;
755 1594 854 1670 itaque
876 1595 1064 1673 praebuerunt
1088 1601 1184 1677 lyncea
1206 1625 1271 1682 ery-

242 1678 326 1736 staila
342 1681 506 1744 Caucasea,
522 1672 649 1751 gryphes
665 1693 768 1732 aurum
784 1673 1007 1752 Hyperboreum
1018 1721 1026 1750 ,
1038 1680 1180 1760 columbae
1190 1701 1270 1745 rosas

244 1757 344 1815 furtim
358 1757 390 1812 in
407 1767 491 1832 prato
505 1753 627 1810 Veneris
640 1753 747 1824 iectus3
770 1773 872 1811 1-10.
890 1759 1003 1832 Cycnus
1024 1778 1083 1835 quo
1105 1780 1140 1818 ue
1160 1781 1177 1819 a
1191 1766 1271 1824 Pado

244 1838 352 1894 electra
365 1833 487 1904 adtulit,
501 1851 624 1909 raraque
643 1833 776 1891 cinnama
796 1846 927 1904 extreme
939 1836 1060 1895 Phoenix
1132 1841 1272 1917 Oriente,

245 1936 298 1974 nee
311 1915 367 1972 tuit
379 1913 439 1971 ulla
454 1912 551 1970 avium
561 1909 768 1990 pecudumve,
784 1931 848 1990 quae
861 1915 969 1972 meritae
981 1917 1050 1992 lyrae
1064 1937 1169 1978 munus
1184 1941 1274 2000 nega-

244 2009 289 2052 ret
302 1992 495 2062 connubiale3
514 1991 639 2048 11-18.
661 1997 745 2051 Tune
767 2011 848 2050 suam
864 1993 1012 2070 Calliopea
1032 1999 1148 2056 ornavit
1168 2019 1275 2065 nurum

245 2073 351 2152 opibus
366 2073 530 2144 Heliconis,
545 2072 638 2152 ipsam
655 2091 723 2130 ausa
737 2077 882 2131 Junonem
895 2072 930 2130 ad
945 2075 1061 2155 nuptias
1077 2079 1137 2146 uati
1151 2099 1254 2158 rogare
1266 2107 1274 2154 ;

246 2172 299 2211 nee
310 2159 440 2212 Deorum
451 2152 550 2229 regina
564 2150 694 2231 sprevit,
706 2152 794 2210 ducta
807 2153 854 2210 vei
868 2151 980 2210 honore
993 2155 1108 2230 matris,
1123 2159 1167 2216 vei
1184 2161 1225 2238 pii
1237 2163 1275 2220 sa-

246 2252 317 2290 rore
331 2235 404 2290 vatis
416 2255 424 2303 ;
435 2233 483 2290 cui
496 2231 572 2288 enim
584 2251 660 2310 sape
674 2235 737 2290 Dea
752 2229 898 2290 celebrata
912 2231 1006 2291 fuerat
1022 2234 1058 2292 ad
1073 2255 1137 2294 aras
1146 2281 1155 2310 ,
1165 2237 1275 2300 dictus-

249 2332 307 2390 que
326 2312 438 2390 Jupiter
451 2313 588 2371 Titanum
602 2313 710 2370 victor:
725 2311 793 2369 ideo
813 2311 978 2390 conjugium
996 2311 1121 2373 adventu
1139 2316 1274 2396 dignata,

247 2413 330 2452 sacra
351 2390 461 2451 addidit
485 2411 621 2463 munera,
646 2408 711 2469 quae
733 2393 810 2451 solos
834 2391 877 2449 fas
893 2387 1000 2451 habere
1023 2398 1115 2467 Deos;
1140 2402 1272 2475 19—32.

247 2479 321 2547 Quae
346 2490 419 2530 vero
451 2472 564 2551 Orphei
585 2471 639 2530 suit
662 2476 755 2551 June,
778 2492 895 2530 eaesae
917 2474 1026 2550 poterit
1050 2478 1158 2535 Serena
1183 2480 1273 2538 Clau-

247 2554 335 2611 diano
341 2575 351 2625 ;
366 2551 505 2610 nimirum
516 2557 593 2610 Juno
609 2552 706 2618 astra',
723 2552 813 2610 terras
830 2552 979 2629 mariaque
994 2556 1103 2613 Serena
1119 2556 1200 2634 regit.
1215 2564 1277 2619 Nec

245 2638 354 2705 Poeta,
369 2652 460 2710 quum
472 2632 613 2710 virginem
629 2642 740 2710 peteret
750 2630 931 2712 nubendam,
945 2633 1078 2709 promisit
1090 2654 1119 2691 se
1135 2638 1213 2697 omni
1227 2639 1276 2697 di-

247 2714 382 2772 vitiarum
404 2730 509 2789 genere
530 2710 740 2783 abundantem,
755 2724 801 2769 sat
818 2710 873 2768 fuit
888 2711 1001 2788 jussum
1019 2731 1035 2769 a
1051 2716 1158 2773 Serena
1175 2718 1278 2796 couju-

248 2793 342 2871 gium,
352 2792 507 2870 statimque
521 2792 755 2849 infiexitsoceros
767 2792 838 2857 tanti
847 2790 979 2869 majestas
988 2792 1126 2867 nominis3
1140 2796 1273 2866 33-46,

249 2876 340 2950 Optat
354 2871 484 2943 tandem,
501 2883 533 2928 ut
547 2870 602 2929 sibi
614 2870 760 2947 contingat
775 2871 851 2928 diem
864 2869 1011 2929 celebrare
1028 2872 1141 2931 felicem
1158 2875 1211 2934 sub
1227 2899 1276 2935 re-

249 2952 322 3029 ginae
338 2952 449 3025 oculis,
465 2950 502 3009 ad
519 2950 685 3011 Stilichonis
701 2960 812 3023 eastra,
829 2950 991 3029 soliumque
1006 2953 1148 3024 Honorii;
1172 2976 1277 3035 nempe

249 3032 330 3089 illum
337 3031 473 3109 jungeret
485 3050 651 3109 purpureus
665 3050 793 3108 auspex,
809 3044 838 3086 et
849 3030 951 3088 dextra
962 3030 1044 3089 daret
1056 3032 1189 3109 pronuba
1201 3056 1277 3095 uxo-

249 3132 329 3183 rem,
345 3130 433 3189 quam
448 3124 514 3168 ante
525 3109 615 3168 literis
628 3110 753 3188 pueliam
768 3108 894 3168 obtinuit
905 3133 911 3166 :
922 3109 1117 3187 sedquoniam
1129 3127 1199 3175 voto
1210 3115 1277 3174 huic

251 3191 467 3261 invidetmare,
478 3204 555 3262 orat,
565 3203 598 3248 ut
613 3190 713 3248 saltem
731 3190 826 3247 favent
840 3188 958 3262 absens,
971 3190 1155 3269 reditumque
1171 3209 1280 3254 annuat

250 3270 425 3343 secundum,
437 3268 598 3347 jubeatque
617 3268 732 3327 lenibus
750 3269 857 3347 placari
871 3268 963 3329 ventis
976 3288 1108 3347 aequora,
1127 3286 1158 3353 ut
1169 3272 1210 3333 itti
1225 3294 1277 3333 ca-

251 3364 322 3408 nant
331 3350 458 3409 Pierides
470 3362 538 3408 rota
548 3369 603 3427 pro
614 3361 729 3407 servato
738 3348 836 3407 debita
846 3349 949 3407 cliente
959 3372 967 3422 ;
986 3350 1117 3420 47-62.

603 3504 889 3533 *φοῦ-

218 3602 417 3725 Onerati
435 3670 538 3742 quum
555 3648 670 3741 primae
688 3647 851 3715 sociarent
866 3642 989 3711 lumina
1007 3644 1112 3733 taedae,

253 3835 266 3858 ’
285 3842 391 3896 &rente
414 3838 566 3893 Stilichonis
582 3839 674 3902 uxori,
690 3835 724 3889 de
768 3849 839 3890 cturn
850 3833 1277 3905 presensauspiciumsacereun-

215 3940 268 3993 qua
283 3940 311 3973 n.
329 3942 363 3991 ²9
381 3920 478 3993 gratias
494 3917 563 3988 egit,
577 3917 649 3988 quod
661 3936 724 3987 pro·
768 3916 832 3986 ptiis
849 3931 903 3964 non
917 3914 1013 3983 possit,
1028 3926 1118 3982 rogat,
1136 3929 1165 3968 ut
1183 3922 1275 3978 absent

214 4002 336 4055 xeneuia
353 4001 405 4055 sibi
423 4013 451 4053 et
470 3996 634 4051 eonciliatrix
651 3997 725 4049 locu·
769 3995 861 4047 faveat.

215 4080 311 4151 pletis,
321 4094 353 4133 ut
366 4078 489 4141 videtur,
502 4094 604 4149 sponsa
619 4094 727 4129 essevo-
814 4092 837 4127 1·
852 4073 937 4124 Prima
951 4070 1014 4123 ’Μία
1034 4066 1103 4144 (ΡΝ)
1122 4093 1173 4145 ‘1¹¹³
1188 4097 1275 4133 ‘¹²⁰¹'
1300 4095 1303 4100 ’

214 4160 312 4215 luerit:
326 4178 467 4233 qumque
480 4158 516 4211 ob
531 4174 603 4209 mm
620 4148 728 4227 intssrje.
773 4154 819 4223 plo
835 4150 997 4222 optimorum
1010 4148 1075 4205 dicit
1088 4155 1177 4207 lamiae
1191 4160 1280 4222 taedoe)

1057 4258 1123 4326 20²
