3034 4900
289 565 1356 592 fflfflfflmfflfflfflmfflwmmwtmfflm

746 833 889 900 XXVI.

754 1031 887 1052 ι-..ι

502 1203 612 1307 cu.
655 1132 1131 1308 calumum

318 1459 449 1588 DE
509 1454 857 1600 BELLO
910 1456 1319 1586 GETlCO

714 1723 925 1812 uranu.

579 1945 1078 1985 ψ

645 2119 996 2188 ARGUMENTUM.

288 2287 409 2344 Stilicho
429 2293 569 2346 Getarum
587 2288 682 2344 victor
696 2285 836 2362 majorem
851 2284 973 2361 gloriam
987 2283 1112 2361 adeptus
1123 2297 1180 2357 est,
1195 2304 1282 2361 qtmm
1299 2287 1354 2344 Ti-

331 2379 406 2457 phys
417 2379 474 2451 illo,
486 2379 569 2456 eujus
578 2377 719 2436 industria
731 2377 857 2435 servavit
867 2395 971 2435 navem
979 2382 1060 2455 Argo
1069 2396 1086 2433 e
1096 2377 1219 2454 Cyaneis
1229 2376 1354 2457 rupibus

331 2470 435 2527 ostium
450 2472 535 2527 Ponti
548 2469 654 2531 Euxini
667 2467 908 2547 prohibentibus,
925 2488 990 2547 quae
1004 2482 1072 2527 tunc
1088 2470 1213 2548 primum
1227 2471 1292 2527 txae
1307 2472 1353 2529 fa-

331 2562 415 2619 cilem
436 2561 548 2620 aditum
567 2562 671 2619 carinis
687 2560 883 2641 praebuerunt.
902 2561 983 2621 Nihil
1002 2561 1132 2634 veritati,
1149 2561 1255 2620 scilicet
1277 2560 1355 2626 Stili-

331 2655 432 2712 chonis
448 2655 592 2727 victoriae,
608 2653 720 2713 dabunt
737 2656 847 2733 aequale
864 2653 968 2725 sabulae
981 2653 1052 2725 illue,
1069 2655 1222 2732 Harpyiae,
1239 2654 1355 2722 velleris

331 2747 412 2805 aurei
427 2760 523 2805 custos
538 2747 656 2824 anguis,
674 2748 750 2805 tauri
761 2746 917 2825 ignivomi,
931 2745 1055 2807 militum
1067 2759 1243 2805 armatorum
1256 2766 1353 2824 seges;

335 2838 439 2896 1-30.
462 2842 529 2898 Non
548 2839 644 2896 clades
663 2839 800 2897 Titanum
819 2838 951 2896 miranda
969 2851 1025 2909 est,
1043 2838 1069 2895 si
1087 2838 1156 2896 huie
1170 2850 1355 2915 comparetur

332 2938 472 2990 Getarum
487 2944 611 3009 strages,
625 2931 711 2989 tantis
726 2930 844 3010 tropaeis
857 2930 1053 3008 inclytorum,
1066 2943 1096 2987 et
1108 2930 1179 2988 belli
1195 2930 1282 3007 longa
1299 2949 1355 3006 pe—

330 3023 416 3097 ritia3
432 3023 557 3083 31-35.
569 3029 643 3083 Nam
651 3022 748 3082 reddit
756 3024 857 3082 consul
868 3023 993 3101 imperio
1004 3043 1085 3083 suam
1093 3024 1230 3095 formam,
1243 3022 1355 3100 legibus

292 3184 294 3188 ι
333 3116 440 3191 decus,
454 3116 572 3196 justitiae
593 3116 812 3194 magistratuum
827 3115 979 3188 ordinem,
993 3106 1110 3193 populis
1124 3128 1200 3173 tecta
1210 3128 1241 3174 et
1252 3134 1356 3192 agros,

332 3210 458 3279 36-43.
475 3215 539 3269 Jam
552 3229 613 3268 non
623 3208 692 3267 inde
702 3209 749 3267 uri
765 3228 849 3286 agros
861 3207 1008 3279 videmus,
1022 3220 1051 3265 et
1062 3206 1168 3266 excidii
1182 3226 1293 3265 moram
1304 3227 1355 3264 ex-

332 3316 494 3381 spectamus
510 3302 547 3361 ab
559 3302 643 3361 obice
653 3301 821 3374 fluminum,
841 3299 1028 3373 torrentium,
1041 3300 1255 3378 procellarum
1276 3306 1355 3366 ll-

333 3404 380 3471 49.
396 3393 554 3453 Discordia
569 3395 655 3452 etiam
670 3394 769 3451 civiles
784 3393 954 3451 resederunt
968 3416 976 3450 ε
989 3392 1058 3451 inde
1077 3398 1171 3451 Roma
1191 3401 1288 3467 surgat
1305 3409 1353 3447 se-

332 3504 417 3558 cura,
430 3485 522 3544 fidens
537 3486 622 3556 Deis,
638 3504 692 3543 nec
706 3487 798 3543 ullum
815 3486 1020 3545 dominationis
1035 3486 1189 3544 terminum
1203 3482 1354 3554 habitura3

332 3579 457 3637 50-60.
474 3579 541 3636 Vim
555 3578 691 3637 hostilem
707 3576 811 3637 crebra
828 3579 964 3658 prodigia
981 3579 1210 3638 nuntiaverunt:
1230 3596 1284 3634 nee
1302 3576 1356 3633 mi-

330 3692 395 3731 rum
417 3685 509 3730 terras
530 3670 676 3729 interdum
696 3670 797 3731 labore
816 3684 846 3730 et
866 3670 945 3731 bello
960 3673 1075 3745 vexari,
1094 3670 1236 3749 siquidem
1250 3673 1357 3728 Jovem

330 3766 424 3842 ipsum
445 3764 574 3824 turbauit
587 3763 745 3842 Typhoeus
766 3776 883 3823 eentum
905 3764 1050 3837 brachiis,
1065 3764 1090 3821 si
1110 3768 1235 3823 Martem
1252 3762 1357 3821 uinclis

329 3854 523 3915 subdiderunt
543 3856 654 3915 Aloidae
676 3856 783 3935 gemini
803 3860 878 3915 Otus
900 3870 930 3915 et
951 3855 1117 3935 Ephialtes,
1139 3854 1221 3913 orbis
1243 3868 1357 3913 motum

329 3946 422 4007 tribus
437 3950 563 4028 scopulis
579 3950 700 4009 revulsis
717 3949 952 4027 interruperunt,
972 3962 1097 4026 utroque
1119 3960 1215 4006 tamen
1229 3962 1297 4006 ante
1307 3948 1357 4025 ju-

328 4053 444 4099 ventam
459 4061 557 4117 poenas
566 4043 628 4100 Diis
645 4042 749 4115 dante,
765 4042 891 4113 61-76.
908 4040 1060 4119 Adspiciat
1075 4047 1169 4101 Roma
1182 4041 1292 4099 victum
1303 4038 1356 4096 ho

326 4146 419 4204 stem,
439 4144 469 4189 et
486 4152 551 4191 cum
575 4135 647 4191 raris
664 4134 825 4211 agminibus
841 4132 991 4191 cedentem
1010 4135 1112 4207 Italia,
1125 4134 1176 4211 qui
1196 4153 1256 4191 non
1277 4131 1356 4189 hello

325 4236 502 4283 cessaturum
514 4224 681 4301 juraverat,
698 4225 749 4282 nisi
772 4229 866 4283 Roma
886 4236 969 4301 capta
984 4247 991 4280 :
1009 4246 1087 4283 nunc
1109 4228 1237 4303 fugiens,
1261 4245 1278 4282 a
1296 4223 1361 4290 suisv
