3034 4900
304 413 354 484 66
541 413 614 480 CL.
643 408 948 479 CLAUDIAM
974 409 1120 477 XXVI.

305 550 457 640 Irrupere
479 547 589 630 Getae,
608 557 737 612 nostras
755 542 835 610 dum
857 541 987 610 lilraetia
1004 543 1090 609 vires

306 655 479 746 Occupat,
498 665 596 744 atque
613 649 676 718 alio
695 647 857 718 desudant
872 649 981 716 Marte
996 647 1167 732 cohortes,

305 757 433 827 Idcirco
454 782 528 852 spes
546 757 654 826 omnis
673 755 767 824 abit:
791 753 940 824 mirabile
957 767 1068 848 posset

305 867 385 934 Esse
408 863 507 952 mihi,
527 865 554 933 si
577 861 692 932 bande
712 886 817 951 nova,
839 859 894 930 vel
912 858 993 935 calle
1010 875 1143 955 reperto

305 972 469 1044 Barbarus
488 971 617 1065 ignotas
636 969 808 1038 invaderet
824 968 945 1036 inscius
961 965 1071 1060 Alpes

306 1080 337 1148 N
339 1103 404 1147 unc
425 1103 505 1146 vero
526 1077 664 1170 geminis
686 1073 795 1145 clades
815 1075 954 1168 repetita
975 1074 1124 1166 tyrannis

308 1187 479 1253 Famosum
498 1181 647 1277 vulgavit
664 1183 744 1252 iter:
766 1203 829 1250 nec
849 1194 930 1248 nota
950 1177 1066 1248 fefellit

304 1292 426 1360 Semita
445 1302 675 1384 praestructum
690 1286 783 1356 bellis
801 1284 951 1356 civilibus
970 1285 1111 1354 bostem.

305 1398 368 1465 Per
389 1395 499 1464 solitas
517 1418 638 1463 venere
653 1395 739 1480 vias,
756 1393 929 1487 aditusque
951 1391 1136 1486 sequendos

306 1500 482 1570 Barbarico
504 1503 655 1570 Romana
674 1499 766 1570 dedit
785 1499 949 1569 discordia
970 1496 1065 1567 bello.

307 1607 372 1677 Sed
392 1632 452 1677 nec
478 1608 648 1702 praeteritis
671 1605 743 1677 baec
765 1631 818 1676 res
834 1607 1002 1699 incognita
1019 1604 1130 1674 saeclis.

307 1716 400 1808 Saepe
421 1713 621 1801 lacessitam,
643 1712 700 1782 sed
722 1737 791 1781 non
813 1714 968 1805 impune,
990 1711 1133 1785 latemur

310 1821 509 1889 Ausoniam:
529 1817 601 1888 haeo
618 1820 788 1888 Senonum
811 1819 960 1888 restinxit
978 1818 1136 1912 sanguine
1156 1815 1317 1886 flammas.

308 1929 387 1996 Haec
412 1941 445 1995 et
465 1927 647 1995 Teutonico
670 1924 838 2020 quondam
857 1923 1020 2019 patefacta
1044 1923 1149 1992 furori

309 2031 403 2102 Colla
425 2033 567 2102 catenati
585 2031 666 2100 vidit
687 2029 871 2126 squalentia
888 2031 1023 2099 Cimbri.

309 2138 382 2208 Vile
398 2138 519 2228 decus,
539 2137 629 2232 quod
649 2162 717 2207 non
736 2138 841 2208 erexit
862 2137 1005 2231 praevius
1023 2137 1158 2204 horror:

307 2323 353 2375 teli
371 2336 426 2389 ειη
446 2335 516 2376 certe
535 2319 698 2375 celeritatem
715 2334 743 2374 et
760 2323 817 2374 vim
860 2321 928 2375 tium
939 2321 1106 2385 infortunio,
1122 2321 1194 2373 exitu
1209 2333 1281 2373 certe
1295 2322 1371 2376 tristi.

309 2400 374 2455 adeo
388 2399 463 2457 addit
477 2401 564 2454 armis.
758 2466 766 2481 Ι
905 2419 967 2471 ²91·
984 2401 1048 2453 Hoec
1061 2400 1188 2464 Ausonia,
1204 2419 1226 2453 s.
1241 2401 1318 2454 Italia
1331 2421 1371 2455 re·

352 2500 417 2551 ²79·
431 2481 541 2541 Iilroetia,
558 2481 652 2550 vulgo,
669 2480 691 2531 le
701 2500 765 2553 pays
777 2481 819 2533 des
862 2482 956 2533 stinxit
975 2480 1107 2543 flammas,
1125 2499 1139 2533 s
1158 2480 1242 2534 uultis
1259 2482 1370 2534 Senoni-

313 2561 413 2616 Grisom
424 2599 432 2621 ,
445 2559 520 2630 regio
534 2557 568 2612 ad
583 2560 669 2629 Alpes.
862 2562 913 2613 bus
922 2562 1057 2626 excitatas,
1071 2560 1179 2613 illorum
1191 2562 1370 2631 sanguine.-

353 2638 820 2710 astlsvaasiuarbuosinumpe·
865 2639 1076 2693 Senamon:Galli
1085 2641 1202 2693 Senones
1210 2642 1370 2694 Romamn·

309 2732 351 2774 ret
361 2719 440 2789 Alpes
451 2718 500 2771 sibi
513 2718 629 2788 ignotas,
641 2731 672 2772 ut
683 2718 822 2772 aliasIIsn-
864 2732 976 2784 starunt,
981 2720 1089 2772 Brenno
1095 2718 1175 2785 duce;
1183 2718 1318 2791 sedquum
1323 2722 1369 2775 Ca·

311 2798 394 2859 nibal,
403 2810 460 2851 tum
471 2797 580 2851 fortasse
586 2816 779 2851 commoverer.
864 2799 987 2871 pitolium
999 2798 1126 2853 invadere
1137 2812 1276 2871 pararent,
1289 2801 1322 2852 sb
1329 2818 1369 2853 sn-

258 2892 263 2904 ¹
353 2882 420 2941 284.
440 2875 573 2947 Eugenius
590 2890 617 2930 et
634 2878 766 2931 Maximus
782 2889 820 2949 ty·
863 2878 965 2931 aeribus
978 2877 1281 2944 detecti,ettCsmillo
1290 2880 1367 2952 fugati

313 2960 383 3009 ronnr‘
399 2956 468 3009 inter
482 2956 562 3026 Alpes
579 2958 706 3029 oppressi.
726 2959 821 3028 Itaque
864 2970 936 3011 sunt.

312 3036 388 3091 bellis
402 3036 455 3089 illis
471 3035 594 3089 civilibus
609 3038 692 3091 hortis
704 3048 820 3107 prastro-
905 3056 970 3107 ²9²·
989 3039 1125 3092 Teutonico.
1142 3038 1246 3093 Cimbri
1262 3054 1288 3093 et
1300 3042 1365 3093 Teu·

313 3130 379 3183 ctus,
394 3136 420 3188 q.
432 3115 458 3169 d.
471 3135 525 3187 prae
536 3117 696 3178 instructus,
711 3115 822 3170 edoctus
866 3119 923 3170 toni
939 3138 954 3170 a
970 3116 1055 3170 Mario
1074 3116 1154 3171 deleti
1182 3133 1254 3174 sunt.
1277 3120 1366 3173 Teuto-

313 3210 340 3251 et
354 3198 473 3251 munitus
488 3208 535 3249 est.
866 3197 983 3256 bochus,
999 3216 1046 3250 rex
1058 3198 1247 3264 Cimbrorum,
1261 3218 1275 3251 a
1287 3201 1364 3253 IIsrio

352 3278 507 3331 astuosa.-
518 3277 587 3329 forte
598 3276 733 3347 Eugenius
743 3278 823 3327 etAr·
865 3288 957 3348 captus
967 3277 995 3328 in
1009 3276 1061 3329 boc
1075 3278 1154 3331 bello.

315 3358 434 3426 bogsstes
449 3357 478 3410 in
494 3357 611 3409 exercitu
624 3356 705 3409 Getas
720 3355 822 3425 aliquos
909 3357 974 3425 ²93·
993 3357 1111 3409 Pertinet
1130 3357 1164 3410 ad
1184 3358 1282 3411 bellum
1300 3357 1363 3409 Cim·

313 3436 443 3500 habuere,
456 3436 554 3505 quibus
563 3448 626 3487 nota
636 3446 703 3488 esset
714 3435 757 3488 ills
770 3435 821 3487 vis.
866 3435 969 3488 bricum
983 3455 998 3487 n
1013 3436 1099 3489 Mario
1111 3438 1260 3490 consectum
1270 3436 1361 3505 ingenti

356 3516 421 3567 286.
434 3514 834 3567 Proestrucnrm:vianonfeieI-.
866 3516 1020 3568 Teutonum
1043 3529 1069 3569 et
1088 3517 1257 3569 Cimbrorum
1277 3526 1360 3588 strage.

314 3594 458 3647 lithostem
470 3594 544 3663 prius
555 3593 679 3647 edoctum
690 3596 758 3647 fama
769 3594 825 3647 bel·
868 3594 940 3647 Collo
963 3608 1074 3647 catenata
1093 3596 1189 3649 Noster
1215 3598 1361 3650 memorarit

313 3675 402 3727 lorum
413 3673 531 3727 civilium
541 3670 574 3725 ad
584 3674 664 3745 Alpes
672 3687 820 3745 gestorum
867 3676 946 3728 etiarn
960 3676 1056 3740 XXII,
1074 3677 1138 3744 374.

313 3754 396 3807 bostis
404 3773 460 3807 non
469 3754 615 3824 ignorarit,
624 3772 677 3825 qus
687 3767 823 3809 transeun-
907 3762 970 3823 ²9i·
990 3755 1047 3805 Vile
1061 3756 1150 3818 decus,
1171 3754 1254 3825 gloria
1269 3756 1360 3818 tenuis,

313 3832 378 3885 dum
391 3845 458 3887 esset
471 3834 498 3887 in
512 3834 625 3888 Italiam.
865 3852 945 3906 quam
959 3852 1014 3887 nou
1028 3834 1133 3887 extollit
1141 3846 1168 3885 et
1177 3847 1255 3904 auget
1265 3836 1359 3906 pericu·

342 3915 406 3979 ²39·
416 3914 505 3987 Pergit
511 3912 660 3981 ostendere,
666 3914 744 3985 Alpes
751 3912 815 3964 olim
865 3914 938 3974 lum,
951 3932 1007 3984 quo
1019 3915 1141 3967 liberarit
1154 3915 1240 3967 victor
1251 3914 1358 3967 laborm·

310 4010 417 4063 quoque
436 3995 556 4047 transitus
578 3995 611 4047 ab
634 3996 817 4047 Romanorum
860 4004 912 4044 tes:
925 3992 1125 4046 Aoaineresans
1133 3994 1205 4065 pe'rr'l,
1219 3994 1357 4060 outriosple

310 4071 446 4136 hostibus,
458 4070 504 4124 sed
521 4090 618 4144 nempe
638 4092 734 4144 magno
754 4073 816 4125 hos·
860 4070 1356 4141 masgloire,aiebatP.Connsrms.Ed.
