3034 4900
288 496 329 540 ra
520 474 594 542 CL.
623 473 928 541 CLAUDIANI
954 473 1099 543 XXIV.

280 602 435 671 Attonitis
454 605 568 671 metire
583 601 709 672 oculis:
731 604 801 673 lraeo
816 603 927 672 fabula
942 621 1031 674 certe
1136 646 1140 654 -
1316 646 1343 700 ,0

281 711 411 778 Cuncta
433 709 561 792 forent,
577 711 603 778 si
622 713 742 780 Poenus
760 709 869 778 adbuc
891 711 1097 780 incumberet
1113 714 1245 779 Austro.
1262 733 1267 749 ¹

335 817 411 883 Mos
429 830 499 884 erat
520 817 554 883 in
575 830 725 884 veterum
744 818 876 903 cestria,
896 832 933 885 ut
952 831 1102 910 tempora
1121 842 1246 910 quercu

282 918 434 1008 Velaret,
446 920 561 990 validis
575 922 631 1016 qui
645 921 719 990 lirso
734 921 858 990 viribus
873 922 969 992 hoste

283 1027 445 1098 Casurum
468 1028 566 1097 morti
585 1028 692 1122 potuit
712 1027 896 1097 subducere
912 1031 1026 1098 civem.

281 1133 326 1199 At
339 1131 400 1201 tibi
412 1159 485 1227 quae
501 1134 622 1227 poterit
639 1158 700 1227 pro
717 1137 815 1202 tantis
833 1136 936 1204 civica
948 1135 1041 1203 reddi
1314 1159 1338 1210 7⁵

281 1237 467 1316 Moenibus?
480 1254 537 1308 aut
554 1254 685 1334 quantae
702 1241 889 1334 pensabunt
906 1240 993 1312 iactu
1011 1239 1166 1310 coronae?

280 1343 351 1412 Nee
371 1343 474 1414 solam
493 1345 606 1441 populi
622 1347 724 1414 vitam
741 1345 863 1414 debere
879 1346 1001 1415 fatetur

280 1449 388 1518 Armis
407 1453 514 1520 Romu
537 1453 620 1536 tuis;
643 1451 717 1538 sed,
735 1477 802 1545 quo
819 1453 998 1544 jucundior
1018 1467 1102 1521 esset

282 1555 380 1624 Lucis
401 1557 571 1627 honoratae
592 1558 733 1642 fructus,
750 1557 936 1627 venerabile
953 1559 1049 1628 famae

282 1661 431 1750 Pondus,
447 1678 479 1736 et
498 1665 632 1733 amissas
648 1665 734 1732 vires
749 1678 783 1732 et
800 1689 903 1759 regna
918 1667 1052 1760 recepit.
1314 1687 1339 1723 a..

279 1770 352 1838 lam
367 1794 435 1845 uon
449 1769 635 1862 praetumidi
651 1769 788 1865 supplex
804 1772 950 1839 Orientis
967 1771 1154 1864 ademptam
1333 1763 1339 1772 ’

323 1965 368 2016 70,
378 1967 424 2018 71.
435 1949 522 2002 Metire
531 1953 604 2004 oculis
614 1991 620 2013 ,
629 1953 704 2024 quasi
717 1971 788 2005 men-
830 1962 917 2021 postea
936 1951 1067 2003 stantibus
1088 1949 1246 2011 imminens,
1266 1945 1340 2017 quod

282 2044 334 2087 aot,
343 2026 451 2083 modum
459 2028 788 2102 dicturue,etnragnitudi·
831 2030 867 2082 ita
879 2031 1006 2101 exprimit
1018 2029 1078 2081 Val.
1094 2028 1164 2080 Max.
1184 2029 1228 2092 11,
1243 2029 1339 2080 bertr.

281 2124 345 2158 uem
353 2109 431 2179 epatii
441 2121 467 2161 et
478 2111 556 2180 pretii
565 2109 789 2166 aestimaturur.—
834 2135 846 2157 α
856 2105 1339 2181 Porteaduguetndomuerempiterua
1392 2109 1399 2121 '

281 2186 408 2240 Attonitus
418 2189 546 2244 biotanto
561 2193 642 2264 magis
654 2204 789 2263 exaggerat
831 2189 914 2260 gloria
926 2208 1026 2262 quercu
1038 2188 1211 2259 triumphant.
1225 2213 1236 2232 .
1254 2185 1339 2236 Multa

281 2269 454 2331 sententiam,
471 2273 533 2341 quia
553 2291 607 2324 non
629 2271 663 2323 de
679 2272 789 2342 plebeiis
832 2283 859 2320 et
868 2271 940 2321 varia
950 2272 1007 2340 ejus
1015 2287 1119 2323 coronae
1128 2269 1214 2337 imago
1226 2265 1340 2317 innum-

281 2345 363 2399 ooulia
384 2366 471 2400 eermo
491 2361 543 2412 est,
563 2347 609 2401 aed
629 2349 663 2401 de
684 2366 788 2401 summo
831 2347 891 2400 mie.
906 2347 971 2399 Vid·
992 2350 1020 2399 in
1040 2346 1203 2399 Morellianis
1223 2343 1257 2398 ad
1272 2345 1339 2401 Tab.

281 2420 356 2481 duee.
367 2457 406 2468 -
417 2425 617 2494 Fabulasoreut,
633 2427 740 2481 materia
751 2426 789 2477 lo·
830 2425 888 2489 111,
902 2427 936 2478 81
947 2465 955 2490 ,
968 2425 1137 2495 Schlegeliue.

281 2503 381 2572 quendi
395 2518 421 2559 et
434 2504 571 2568 narrandi,
590 2524 649 2577 quae
661 2524 716 2557 nou
733 2523 788 2557 am·
871 2508 917 2572 76.
927 2505 1037 2557 Coram.
1046 2502 1157 2555 Stilicho
1168 2500 1337 2572 perstrictum

279 2583 350 2652 plius
377 2585 516 2638 monstrari
537 2584 620 2654 digito
639 2584 736 2656 possit,
758 2597 789 2637 ut
831 2582 1040 2655 Rhadagaisum,
1060 2582 1163 2634 hostem
1180 2578 1339 2632 immanissi-

275 2662 371 2727 sabuloe
379 2664 464 2715 Mauer
473 2662 547 2735 apud
559 2664 713 2725 Horatium,
727 2665 787 2717 Car.
831 2680 918 2726 mum,
929 2674 1070 2716 coronatur
1081 2679 1141 2713 cum
1151 2671 1208 2712 toto
1222 2659 1338 2712 exercitu

281 2743 360 2806 I,1v,
372 2746 414 2793 16.
423 2743 685 2816 Omniahiopulohra
693 2762 699 2797 ε
708 2744 788 2796 etiam
830 2740 920 2796 rediit.

281 2820 426 2885 incumbere,
441 2820 514 2893 qnod
526 2824 588 2875 alian
602 2823 712 2877 incubare
723 2822 789 2877 dici·
872 2842 919 2894 77.
932 2822 989 2874 Nou
1000 2823 1070 2895 vulg.

282 2912 334 2967 tur,
345 2898 380 2957 de
390 2902 506 2954 violento
520 2916 599 2974 atque
615 2904 713 2975 injusto
727 2920 789 2974 poe·
871 2908 918 2976 78.
935 2898 1068 2971 Quodju'e.
1080 2901 1151 2969 vulg.
1158 2898 1288 2969 juondns
1304 2898 1337 2950 al.

282 2996 380 3033 nestore
394 2981 504 3047 Africae,
520 2980 651 3049 Gildone,
664 2984 712 3055 qui
725 2987 791 3035 utcu·
872 3003 918 3053 79.¹
932 2984 1004 3035 Lucis
1013 2983 1114 3047 frenetur.
1131 2976 1251 3031 Duloedo
1265 2977 1339 3041 vito,

282 3058 430 3130 batoaetylo
443 3061 572 3117 JCtorum
585 3062 790 3117 dicatur-Ia·
832 3080 892 3133 quea
913 3075 944 3115 ut
965 3062 1070 3114 fructur
1089 3057 1242 3114 suavissime
1257 3054 1338 3127 degu-

281 3138 789 3214 cunberet.Velutnobiafameoppreaeir
831 3154 923 3196 statur.
940 3174 972 3185 -·
986 3142 1078 3193 Fracta
1090 3140 1123 3192 al.
1379 3194 1384 3205 ,

282 3218 428 3273 incubaret.
436 3222 575 3276 —eretuu
581 3221 661 3275 Vien.
672 3223 729 3275 Bra.
743 3219 789 3274 sed
873 3226 917 3275 80.
936 3221 1043 3273 Pondus.
1055 3220 1235 3289 Maiestatem,
1248 3228 1338 3269 aueto-

282 3298 371 3351 Poemu
377 3302 432 3369 jam
448 3301 507 3357 Vir.
521 3313 548 3353 et
560 3301 639 3354 Vien.
651 3320 733 3373 marg.
831 3302 935 3355 ritatem
947 3300 1039 3364 famae,
1054 3317 1105 3369 qua
1116 3300 1199 3350 Roma
1211 3295 1245 3347 ab
1256 3294 1340 3346 omni·

324 3396 358 3447 72
380 3396 437 3450 sqq.
454 3380 589 3434 Coronam
611 3382 722 3435 cirioam
742 3378 789 3433 de·
832 3382 882 3434 bue
899 3380 1021 3452 gentibus
1035 3379 1181 3431 colebatur.
1198 3407 1238 3416 -
1254 3372 1338 3441 Regna

281 3456 384 3523 aoribit,
396 3461 473 3527 cujus
483 3461 718 3531 ratio,prnsertim
727 3461 790 3530 leges
832 3465 926 3531 recepit
938 3461 1022 3512 Roma
1033 3456 1158 3511 destituta
1172 3454 1289 3524 frugibus
1302 3451 1338 3503 ob

282 3538 448 3591 mareotiden
458 3540 564 3611 superbe
576 3541 709 3595 habentur
720 3540 788 3592 Plin.
832 3541 944 3613 Libyam
954 3558 969 3591 a
983 3538 1102 3591 Gildone
1113 3548 1245 3607 ereptam,
1261 3542 1288 3582 et
1301 3530 1340 3582 vi·

281 3614 363 3683 XVI,
378 3624 411 3683 63
426 3637 503 3690 quem
518 3621 607 3673 locum
621 3620 805 3691 poeuietiam.
832 3632 885 3672 tam
906 3632 933 3672 et
956 3619 1098 3689 imperium
1118 3616 1243 3668 anumura
1268 3622 1338 3672 erait

283 3706 310 3747 et
321 3698 451 3753 illustravi
467 3700 495 3751 in
513 3700 663 3753 Chrestom.
678 3700 745 3751 Plin.
761 3718 789 3751 n.
832 3698 878 3752 aed
892 3698 949 3751 hato
962 3698 1049 3750 omnia
1067 3694 1182 3767 reoepit,
1199 3702 1338 3762 postquam

284 3792 332 3843 7²,
344 3778 377 3831 15
387 3778 573 3850 nq.--Corona
581 3798 612 3832 ex
619 3796 718 3851 quer-eu
726 3778 789 3831 lorti
833 3776 937 3831 Giidoa
946 3778 1091 3831 Stilichone
1100 3769 1339 3841 rictue,Libyaque

283 3852 360 3909 militi
374 3856 574 3912 decernebatur.
832 3858 954 3911 restituta
967 3870 1015 3909 eet.
1027 3886 1064 3897 -
1078 3854 1113 3906 Ut
1123 3855 1221 3904 amissa
1232 3848 1341 3920 conjicit

325 3934 370 4003 75.
383 3939 501 4009 Augusto
516 3939 598 3993 civica
611 3938 684 3991 velut
697 3956 790 4009 perpe·
833 3937 924 3991 Barth.

284 4025 327 4067 tua
345 4033 359 4065 e
373 4034 472 4086 quercu
491 4038 589 4071 corona
604 4038 726 4091 suspensa
746 4038 789 4071 eu·
874 4020 919 4071 81.
931 4018 1092 4088 Frequenter
1099 4012 1212 4064 observo
1223 4012 1250 4061 in
1260 4020 1338 4077 poeta

284 4113 330 4164 pra
348 4096 433 4161 iores,
450 4096 529 4153 lauris
543 4098 747 4167 triumphalibus
757 4098 790 4150 ad
834 4110 925 4149 nostro
947 4093 1073 4147 inuidiam
1092 4110 1167 4143 novae
1183 4092 1291 4147 Romae,
1312 4097 1343 4155 et
