3034 4900
336 483 405 556 DE
434 483 581 556 CONS.
611 487 835 559 STILICH.
865 489 959 560 LlB.
988 496 1061 564 111.
1182 494 1229 573 35

160 617 348 707 Plurimus,
366 620 491 714 ereptis
507 616 642 715 elephas
659 620 819 716 inglorius
838 639 927 694 errat
1194 667 1232 705 ³⁵.

159 727 357 798 Dentibus:
373 726 496 796 insedit
516 727 610 822 nigra
627 728 756 798 service
774 745 984 824 gementum,

161 835 205 902 Et
217 833 324 902 fixum
341 836 419 904 Dea
434 847 569 928 quassat
585 833 681 920 ebur,
697 836 893 930 penitusque
912 844 1055 910 cruentis

163 939 334 1034 Stia-pibus
356 937 480 1008 avulsis
501 936 632 1034 patulos
648 955 797 1010 exarmat
814 942 934 1013 hiatus.

161 1045 257 1138 Ipsos
277 1048 366 1140 quin
380 1047 480 1114 enum
498 1045 595 1114 nobis
614 1045 772 1116 miranda
791 1047 890 1118 vellet

161 1152 323 1238 Duoere,
340 1150 399 1220 sed
417 1152 511 1246 pigra
525 1153 674 1222 cunctari
689 1151 776 1223 mole
792 1169 932 1224 veretur.

160 1255 360 1352 Tyr-alienas
376 1256 476 1326 foetus
497 1257 641 1352 Libycos
661 1258 811 1354 amplexa
830 1286 891 1356 per
907 1259 1012 1332 undas
1090 1301 1094 1307 »

160 1361 315 1434 Classica
336 1362 437 1434 turba
458 1378 554 1432 sonat
568 1390 577 1452 3
592 1365 795 1460 caudamque
817 1391 837 1435 a
854 1393 967 1464 puppe
984 1384 1179 1466 retorquens

159 1469 202 1536 ln
223 1493 368 1563 proram
389 1470 469 1564 jacit
486 1491 590 1563 usque
609 1467 670 1539 leo.
684 1471 749 1540 Vix
770 1471 919 1542 sublevat
932 1497 1037 1544 unum

160 1575 277 1644 Tarda
300 1578 402 1644 ratis:
417 1574 570 1644 fremitus
588 1577 712 1671 stagnis
733 1577 867 1647 auditur
886 1581 921 1648 in
937 1582 1031 1666 imis,

163 1681 370 1777 Cunctaque
387 1678 565 1775 prosiliunt
584 1696 672 1771 cete;
684 1696 878 1779 terrenaque
892 1687 1020 1756 Nereus
1195 1723 1233 1762 as.
1304 1705 1308 1711 ”

147 1788 310 1858 'Confert
328 1802 479 1857 monstra
500 1789 591 1874 suis,
609 1803 642 1856 et
661 1813 728 1858 uon
747 1815 877 1885 aequare
894 1791 1024 1861 fatetur.

164 1893 316 1989 AEquora
336 1897 383 1964 sic
404 1896 512 1962 vietor
529 1895 657 1987 quoties
677 1921 737 1990 per
754 1897 856 1965 rubra
876 1900 993 1992 Lyaeus

165 2000 333 2096 Navigat,
352 2003 521 2094 intorquet
540 1997 671 2070 clavum
691 1999 837 2089 Silenus,
858 2017 892 2072 et
912 2028 1004 2073 acres

167 2106 335 2176 lnsurhnt
351 2107 454 2175 tonsis
472 2107 599 2199 Satyri,
619 2107 813 2202 taurinaque
832 2107 929 2202 pulsu

174 2324 293 2394 phantos
300 2335 441 2377 exarmatos
452 2324 556 2394 stupori
569 2341 623 2377 esse
635 2323 681 2375 In·
724 2323 938 2388 ete-Adana,
948 2323 1049 2386 aaa«,
1058 2326 1187 2396 complexu,
1195 2329 1238 2380 ad-

174 2401 681 2469 disomnibns:sedhaecaentiridsbent,
725 2421 788 2455 nexa
802 2401 876 2456 MSS.
889 2401 1025 2459 Excidisse
1041 2421 1148 2458 versum
1165 2411 1236 2480 conj.

173 2482 684 2555 nundooai.-Omnt'busvnlg.amni·
726 2483 817 2537 Heius.

171 2562 230 2627 bar,
250 2563 389 2619 claverius
406 2575 434 2615 et
449 2562 540 2615 Barth.
561 2580 592 2615 ex
605 2560 681 2615 MSS.
766 2562 831 2633 357.
846 2560 953 2625 Clusio,
969 2563 999 2614 it.
1015 2563 1096 2616 classi.
1110 2564 1185 2619 MSS.
1195 2591 1234 2603 -

211 2644 278 2697 352.
294 2642 385 2695 insidit
395 2642 469 2694 malit
478 2640 682 2695 Heius—Mira
725 2640 781 2693 Aut
797 2642 919 2694 immanis
937 2641 1015 2694 molis
1029 2641 1089 2706 leo,
1110 2656 1156 2696 aut
1173 2665 1235 2716 par-

170 2722 309 2795 phantasia
329 2720 417 2795 pingit
436 2722 550 2773 Dianam
566 2719 683 2775 insiden·
725 2738 788 2773 vum
809 2720 968 2791 navigium:
996 2733 1094 2775 retorta
1116 2724 1194 2777 etiam
1220 2746 1235 2780 a

171 2814 225 2856 tern
239 2802 340 2855 nervici
354 2801 520 2873 elephantis,
536 2812 562 2853 et
576 2799 681 2855 dentenl
725 2818 818 2871 puppe
836 2797 935 2864 unda,
955 2808 1043 2853 tamen
1065 2803 1152 2873 capite
1170 2824 1236 2874 pro·

169 2882 330 2936 convulsum
343 2880 510 2951 eripientem.
725 2896 782 2931 ram
800 2880 913 2949 attingit.
927 2878 1111 2949 prodigialiter
1124 2897 1236 2954 augetur

217 2961 285 3015 353.
306 2960 428 3031 stirpibus
456 2962 559 3012 cruentis
587 2958 681 3012 «subn.
725 2956 899 3029 magnitudo,
923 2958 946 3010 si
960 2958 1044 3021 ¹(ledit
1064 2974 1143 3030 poeta
1161 2965 1236 3033 jacit.

172 3040 291 3093 flensins
306 3037 404 3092 dmum
425 3037 599 3091 ablativorum
619 3056 683 3092 oon·
725 3036 852 3090 Sieenim
865 3036 985 3107 corporis
997 3038 1082 3108 ipsius
1096 3040 1235 3111 longitudo

173 3137 283 3173 curum
296 3120 447 3190 vituperat,
462 3130 490 3170 et
502 3118 602 3182 avulso,
613 3118 683 3171 scili·
726 3117 840 3187 aqnabit
854 3115 961 3181 navim,
977 3136 1058 3188 quam
1075 3131 1148 3171 retro
1160 3124 1235 3191 quasi

171 3212 216 3252 cet
227 3198 295 3250 ebore
303 3238 311 3261 ,
320 3196 463 3269 legendum·
478 3196 594 3269 coniicit.
606 3196 656 3250 En.
725 3196 865 3249 emetietnr
870 3193 962 3248 canda.
969 3196 1027 3248 Etsi
1035 3214 1098 3248 vero
1107 3198 1178 3250 bene
1187 3219 1236 3253 no·

214 3278 282 3331 355.
300 3276 414 3329 &actori
426 3278 536 3339 veretur,
552 3294 607 3328 non
622 3276 684 3329 satis
725 3289 783 3328 tum
797 3292 875 3346 quam
883 3274 917 3327 sit
924 3274 1235 3347 Nosterexaggerationis

168 3370 326 3412 constanter
341 3354 489 3409 mentiendi
502 3367 620 3409 tenorem
632 3374 686 3409 ser·
727 3372 830 3420 amans,
843 3354 963 3425 reliqna,
976 3366 1063 3407 tamen
1078 3356 1155 3410 nimis
1170 3373 1234 3412 sunt

167 3456 228 3501 vas,
242 3434 347 3492 Claudi.
367 3434 442 3501 Quid
459 3435 532 3488 enim
547 3446 608 3507 post
619 3434 681 3487 reli·
717 3432 922 3504 „tmptaneet
931 3433 1038 3487 ultr-erl
1047 3436 1146 3487 πιθανόν
1155 3438 1235 3503 elata,

169 3536 221 3589 qna
234 3516 365 3570 miracula
380 3513 489 3569 difficile
506 3514 557 3567 fuit
573 3512 685 3568 Diana?
727 3530 837 3584 eamque
843 3514 927 3584 ipsam
934 3514 970 3565 ob
976 3532 1079 3567 musam
1085 3516 1236 3584 placereso·

172 3595 223 3649 Sed
237 3614 317 3650 cauea
328 3596 400 3648 tama
413 3594 492 3648 etiam
507 3612 523 3646 a
537 3592 600 3647 dolo
613 3593 683 3645 malo
726 3590 793 3644 briis
802 3592 847 3645 vix
857 3610 887 3645 ac
895 3610 930 3644 ne
940 3591 985 3644 vix
995 3592 1104 3663 quidem
1117 3609 1235 3665 possunt.

172 3690 275 3729 acutat
288 3686 406 3749 poetata.
770 3669 836 3725 358.
848 3671 999 3724 Jacttttss.
1010 3674 1026 3742 j
1040 3684 1092 3733 cet,
1106 3672 1159 3724 alii.

214 3755 277 3809 356.
287 3755 375 3809 Fatus
387 3752 490 3825 Libycos
498 3752 547 3817 ‚ln
558 3770 581 3805 e.
597 3752 685 3804 leones
770 3750 837 3820 359.
861 3750 946 3803 Tarda
969 3755 1017 3801 rat'
1039 3770 1049 3802 .·
1068 3751 1142 3819 quasi
1163 3755 1237 3806 naris

174 3846 203 3887 et
219 3835 279 3889 alias
296 3834 436 3889 Africanas
447 3830 519 3904 (quo
536 3832 644 3883 nomine
655 3830 686 3884 ti·
729 3842 823 3883 onusta
841 3849 896 3883 uno
907 3842 1012 3881 tanturn
1028 3830 1106 3880 leone
1118 3830 1164 3883 liat
1183 3845 1236 3886 aar.

168 3932 235 3986 gres
245 3926 399 3986 qnoque‚et
414 3910 527 3985 pardos,
536 3923 563 3963 et
574 3909 686 3982 panthe·
729 3907 807 3973 dior;
826 3908 855 3960 id
870 3906 944 3977 qnod
958 3905 1059 3958 indicat
1077 3910 1236 3979 magnitudi-

165 4012 228 4058 ne,
244 4006 273 4045 et
281 3993 418 4065 leopardos
429 3989 572 4062 complenti
584 3986 685 4050 solent)
729 4006 791 4040 nem
799 3991 855 4057 ejus
868 3996 1057 4057 portentosam.

162 4074 312 4145 complexa,
324 4086 409 4145 eaptus
426 4070 684 4133 etvinetastenena,
773 4068 836 4120 361.
853 4064 1040 4136 Sednonvulg.
1051 4068 1235 4132 malo,etnon.

160 4154 234 4209 turba
247 4154 353 4207 causata
364 4152 477 4208 navium
490 4162 518 4201 et
531 4158 684 4209 nautarum,
775 4146 839 4207 364.
854 4144 985 4199 Absudant
1001 4147 1033 4198 al.
1047 4146 1149 4199 Claver.
1168 4148 1237 4197 lusn-

1041 4250 1081 4320 3,
