3034 4900
284 462 355 554 ¹74
519 457 593 526 CL.
623 457 925 529 CLAUDIANI
952 459 1096 529 XXXI.

277 593 380 659 Fusus
398 583 572 682 inaequales
587 609 662 656 cera
682 588 816 657 texebat
830 612 971 677 avenas,

277 692 512 788 Maenaliosque
531 691 667 779 modos,
685 708 717 762 et
736 694 911 788 pastoralia
931 696 1030 766 labris

278 805 453 871 Murmura
471 799 619 868 tentabat
636 798 803 894 relegens,
824 805 954 896 orisque
972 829 1109 874 recursu

278 905 478 977 Dissimilem
494 907 585 974 tenui
607 906 756 976 variabat
775 907 937 982 arundine
954 925 1099 979 ventum.

277 1015 426 1099 Restitit,
446 1027 483 1081 ut
501 1010 585 1081 vidit
604 1015 786 1101 Venerem,
802 1015 978 1109 digitisque
999 1019 1142 1087 remissis

278 1121 330 1190 Ad
349 1134 473 1188 terram
494 1119 596 1187 tacito
617 1117 756 1187 defluxit
767 1119 879 1191 fistula
896 1119 998 1215 lapsu.

278 1225 386 1296 Dulce
406 1226 532 1293 micant
545 1222 650 1293 oculi:
670 1227 783 1294 niveas
799 1225 957 1296 infecerat
974 1229 1042 1321 igni

169 1335 171 1342 ’
279 1332 400 1427 Solque
420 1330 592 1426 pudorque
609 1355 731 1425 genas:
755 1331 888 1400 dubiam
907 1329 1068 1429 lanuginis
1082 1335 1235 1405 umbram

280 1440 437 1508 Caesaries
455 1439 585 1506 intonsa
601 1438 693 1531 tegit.
710 1439 804 1506 Prior
824 1440 894 1532 ipsn
911 1437 1058 1508 silentem

279 1543 487 1638 Compellat:
509 1547 786 1638 «Numquamne,
799 1568 897 1638 puer,
912 1545 1031 1616 dilecta
1048 1546 1211 1642 relinques

280 1648 464 1720 Carmina?
483 1651 639 1718 maternis
658 1673 838 1744 numquam
858 1652 1017 1721 satiabere
1034 1652 1151 1740 donis,
1317 1683 1342 1728 es

279 1757 400 1827 Dedite
422 1757 595 1824 Musarum
613 1755 737 1843 studio,
757 1759 961 1850 nimiumque
978 1761 1123 1853 parentis

279 1859 429 1931 AEmule?
449 1860 526 1955 quid
548 1860 657 1930 medio
675 1877 785 1931 tecum
808 1863 989 1934 modularis
1006 1867 1040 1934 iu
1057 1865 1161 1935 aestu?

279 1973 397 2038 Jamue
409 1967 468 2036 tibi
482 1966 617 2036 sordent
632 1967 789 2036 citharae?
798 1969 868 2061 jam
883 1967 985 2039 lustra
1004 1973 1122 2066 Lycei,

280 2075 389 2168 Atque
407 2097 507 2170 pecus
526 2073 635 2160 cordi,
654 2073 864 2168 redituraque
880 2077 1017 2170 rupibus
1032 2077 1145 2149 Echo?

280 2185 357 2251 Huc
372 2181 467 2266 ades,
487 2194 519 2248 et
532 2194 632 2250 tantae
651 2180 745 2249 nobis
759 2181 902 2251 edissere
916 2207 1048 2254 caussas
1181 2274 1184 2280 Ι
1320 2215 1344 2251 ⁵0

280 2289 438 2371 Latitiae3
457 2287 511 2355 cui
533 2307 655 2379 pompa
675 2301 750 2356 toro
772 2301 839 2356 tam
858 2286 947 2357 clara
965 2289 1120 2379 resultet,

281 2476 361 2527 tauo,
378 2464 504 2516 arborum
520 2462 726 2515 umbriferamm
740 2482 790 2515 no·
880 2467 927 2526 46.
938 2464 1067 2525 Parentem
1079 2480 1191 2520 matrem
1205 2465 1346 2537 intelligit?

279 2542 406 2597 bilissima
417 2582 425 2608 ,
437 2542 500 2613 quia
512 2540 607 2595 umbra
624 2540 791 2595 delectantur
836 2540 890 2595 Sed
903 2554 990 2597 tamen
1003 2546 1121 2599 Bacchus
1133 2564 1254 2616 quoque,
1265 2564 1346 2616 quem

281 2636 404 2675 amantea.
837 2634 941 2692 patrem
964 2623 1071 2695 quidam
1094 2626 1225 2695 assignant
1244 2624 1346 2695 Hyme-

323 2701 711 2773 35.Syringa‚qualem1²an,
727 2701 792 2753 Mae·
836 2718 896 2753 nato
916 2722 958 2774 ap.
980 2704 1054 2756 Serv.
1076 2700 1110 2754 ad
1127 2706 1188 2754 AEn.
1203 2702 1253 2768 1v,
1272 2720 1347 2774 127,

283 2781 336 2833 nali
349 2778 467 2832 Arcadios
475 2781 574 2833 montis
585 2780 685 2848 incola,
697 2780 791 2843 babet,
836 2784 954 2835 musicus
967 2795 1021 2847 est,
1035 2794 1061 2835 et
1075 2795 1144 2834 amat
1157 2780 1244 2835 tibiae.

282 2859 794 2931 septemlistulieinrequalibusconstan-
880 2862 1347 2934 47.AEmule,·Venusarguitllyme·

282 2954 355 3005 tem,
368 2938 554 3011 componebat.
566 2938 621 2991 Pan
632 2953 794 2993 memoratur
837 2958 925 2993 narum
938 2979 945 3005 ,
964 2942 1039 3011 quasi
1055 2940 1169 2993 nimium
1186 2941 1346 2995 imitatorem

283 3022 362 3073 etiam
378 3038 404 3071 r.
421 3021 473 3084 48,
487 3019 562 3089 Lycei
570 3020 687 3072 nomine.
837 3037 891 3071 suas
902 3020 993 3073 matris
1004 3018 1139 3091 Calliopes
1152 3040 1159 3073 :
1174 3032 1201 3073 et
1212 3021 1249 3075 sic
1259 3024 1346 3075 forsan

325 3100 371 3170 37.
386 3100 445 3151 Oris
458 3116 561 3151 recursu.
571 3098 626 3151 Ore
638 3108 793 3152 recurrente
838 3101 923 3170 oar-pit
933 3099 1035 3151 occulte
1049 3100 1195 3153 castitatem
1208 3102 1346 3155 Musarum

283 3193 310 3233 et
323 3180 410 3232 varios
424 3179 501 3231 tubos
516 3178 669 3249 inspirante.
838 3178 887 3231 sibi
898 3178 1017 3231 invisam.
1029 3178 1085 3232 Cur
1095 3180 1248 3235 Murasnon
1256 3182 1345 3234 inoen·

324 3266 368 3323 4⁰·
390 3260 474 3311 Tacito
490 3258 576 3327 lapsu,
592 3258 656 3329 quia
672 3257 791 3328 defluxit,
837 3256 883 3309 dat
900 3256 1025 3328 Cupido,
1041 3259 1153 3329 pulchre
1167 3262 1306 3313 Lucienus.

282 3340 310 3392 b.
327 3358 350 3391 e.
368 3356 422 3391 non
435 3335 531 3390 cecidit
543 3354 600 3389 uno
613 3337 731 3407 impetu,
746 3338 793 3390 sed
878 3340 923 3401 48.
946 3336 1055 3391 Cithara
1076 3340 1194 3393 urbanus
1218 3340 1300 3409 magis
1320 3351 1346 3390 et
1378 3371 1381 3379 ι

282 3418 385 3471 lubrico
399 3430 473 3469 motu
494 3414 527 3468 ad
542 3430 639 3469 vestem
653 3418 695 3469 vel
709 3410 793 3470 mem·
837 3414 952 3469 sedatior
976 3430 1095 3471 cantus:
1117 3420 1240 3472 tibiarum
1265 3436 1347 3487 genus

282 3500 330 3551 bra'
345 3494 411 3549 adeo
426 3496 563 3567 Hymenaei
578 3494 724 3550 descendit.
836 3495 920 3565 magis
933 3496 1092 3562 clamosum,
1103 3498 1249 3570 simplicius
1257 3496 1346 3556 idem,

325 3583 371 3639 4²·
382 3576 488 3629 Dubiam
496 3576 631 3645 lanugr'rris,
644 3575 794 3628 benerae
836 3577 980 3646 pecorique
999 3588 1026 3628 et
1038 3578 1140 3647 campis
1153 3578 1247 3648 aptius.
1267 3576 1347 3629 Hom.

282 3658 370 3711 barber
390 3657 496 3709 umbram
514 3655 626 3726 pulchre
647 3654 723 3707 dixit.
740 3654 794 3707 Sed
837 3667 925 3707 tamen
936 3662 972 3707 n.
988 3676 1020 3718 u,
1036 3662 1089 3724 495
1095 3658 1198 3721 ,αὐλοὺς
1208 3670 1235 3709 et
1246 3658 1347 3727 po'ppq·

283 3734 419 3809 mornado
434 3736 575 3799 convenit,
596 3734 733 3805 quomodo
754 3736 795 3805 pi·
836 3754 883 3803 γας
893 3734 921 3785 in
933 3734 1093 3805 Hymenaeo,
1102 3736 1155 3789 hoc
1164 3748 1219 3801 est,
1229 3749 1310 3789 cantu
1323 3748 1349 3787 et

282 3828 342 3869 ctor
356 3816 502 3888 exprimet,
515 3812 719 3886 quodsequitur
736 3814 793 3866 ca·
837 3814 949 3884 strepitu
973 3816 1087 3886 nuptiali
1110 3816 1258 3888 conjungit.
1276 3816 1349 3869 Psel-

282 3902 357 3947 sarr'ea
370 3896 546 3966 tegitr‘prima
554 3896 651 3965 lanugo
661 3892 793 3958 exoritur,
837 3894 921 3943 lentem
931 3894 984 3945 hoc
1000 3908 1039 3947 est
1055 3896 1208 3965 κιθαρίζοντα
1223 3895 1286 3950 iacit
1299 3896 1349 3948 Ca·

172 3976 177 3984 '
283 3987 309 4027 et
323 3975 442 4044 primum
461 3974 603 4045 conspicua
619 3986 658 4027 est
675 3974 703 4025 in
720 3973 792 4025 labio
835 3972 904 4042 pella
918 3973 994 4036 loco,
1012 3992 1090 4047 quem
1106 3974 1190 4028 modo
1209 3972 1348 4027 laudabam

281 4052 418 4127 superiore
432 4072 440 4105 :
454 4072 487 4105 an
497 4054 572 4107 illum
583 4071 690 4124 quoque
699 4052 791 4105 locum
835 4050 907 4104 adv.
925 4052 972 4106 31.

280 4136 346 4206 tegit
357 4132 493 4185 caesaries?
877 4138 920 4185 51.
935 4134 1059 4185 Ilesulrere
1074 4132 1107 4187 ad
1124 4152 1219 4187 sonum
1239 4143 1266 4182 et
1282 4140 1348 4182 stre-
