3034 4900
272 425 348 499 268
496 429 571 498 CL.
600 429 904 500 CLAUDIANI
931 433 1115 501 xxxvl.

270 565 362 649 Heu,
379 561 436 629 ubi
452 585 559 648 nune,
576 561 634 629 ubi
652 577 730 631 nata
747 561 934 656 miniique
950 561 1038 632 mille
1055 565 1231 650 ministrae,

270 669 348 756 Quo
368 665 502 762 Cyane?
518 663 670 737 volucres
686 694 759 764 quae
775 670 825 738 vis
841 670 971 738 Sirenas
990 668 1121 763 abegit?
1300 709 1337 750 190

269 775 423 844 Haeecine
444 788 552 842 vestra
568 774 672 843 fides?
687 777 734 844 sic
754 774 803 844 fas
824 774 930 844 aliena
948 777 1033 844 tueri

268 879 434 974 Pignora?
445 909 463 944 u
482 882 693 950 Contremuit
711 883 843 970 nutrix,
858 907 1042 976 maerorque
1063 881 1183 976 pudori

270 988 392 1075 Cessit,
408 1001 443 1057 et
462 1001 614 1082 aspectus
633 989 758 1056 miserae
775 1013 844 1056 non
860 987 947 1058 ferre
964 988 1109 1083 parentis

268 1096 428 1188 Emptum
451 1107 559 1162 morte
579 1091 675 1182 velit,
691 1093 893 1189 longumque
912 1095 1049 1163 immota
1071 1108 1221 1163 moratur

269 1201 449 1270 Auctorem
466 1198 605 1267 dubium
621 1214 815 1294 certumque
830 1226 1028 1294 expromere
1048 1200 1157 1270 funus
1298 1230 1336 1280 195

323 1306 389 1373 Vix
407 1320 518 1376 tamen
536 1305 607 1374 haec
625 1331 633 1372 ε
656 1335 673 1370 e
686 1308 783 1376 Acies
800 1309 926 1376 utinam
946 1331 1068 1376 vesana
1088 1310 1269 1402 Gigantum

268 1413 365 1480 Hanc
380 1411 508 1480 dederit
522 1409 664 1481 cladem!
685 1412 789 1482 levius
806 1414 995 1482 communia
1012 1427 1178 1508 tangunt:

236 1558 243 1581 i
269 1517 335 1585 Sed
354 1519 466 1604 Divae,
484 1516 656 1612 multoque
670 1521 780 1589 minus
796 1519 886 1612 quod
903 1545 994 1608 rere,
1013 1543 1144 1589 sorores

270 1627 310 1692 ln
329 1638 459 1692 nostras
474 1625 612 1692 nimium
629 1625 846 1718 conjuravere
862 1629 983 1696 ruinas.

268 1728 408 1799 Insidias
425 1731 606 1824 Superum,
625 1745 775 1826 cognatae
790 1730 930 1802 vulnera
947 1733 1054 1802 cernis

272 1834 409 1906 invidiae
427 1862 435 1904 :
453 1835 596 1931 Phlegra
612 1837 708 1906 nobis
728 1836 888 1907 infensior
906 1838 1019 1908 iether.

269 1940 424 2012 Florebat
445 1941 622 2038 tranquilla
642 1943 782 2031 domus,
798 1969 860 2014 nec
881 1943 997 2014 limina
1014 1945 1110 2040 virgo

270 2051 454 2144 Linquere,
473 2075 535 2120 nec
553 2050 675 2120 virides
694 2050 839 2121 audebat
853 2053 960 2122 visere
977 2049 1079 2121 saltus

270 2158 447 2252 Praeceptis
463 2157 622 2227 obstricta
639 2158 704 2227 tuis
724 2184 732 2225 ι
754 2157 827 2228 telae
844 2157 1020 2246 laborilli,

270 2264 400 2332 Sirenes
415 2266 561 2358 requies;
578 2289 770 2334 sermonum
786 2267 892 2359 gratia
908 2289 1060 2352 mecum,

271 2369 407 2439 Mecum
425 2394 562 2440 somnus
578 2386 664 2459 erat,
681 2373 835 2465 cautique
854 2397 915 2467 per
932 2374 1015 2440 atria
1034 2369 1113 2442 ludi.

272 2477 386 2564 Quum
405 2477 514 2547 subito
535 2469 700 2570 (quonam
721 2477 860 2546 dubium
881 2490 1085 2549 monstrante
1104 2473 1244 2541 latebras

273 2576 451 2671 Rescierit)
467 2582 633 2677 Cytherea
650 2584 758 2669 venit,
776 2598 993 2676 suspecteque
1008 2580 1103 2649 nobis

271 2690 324 2758 Ne
345 2688 447 2776 foret,
468 2690 548 2759 hinc
564 2687 710 2758 Phoeben
726 2689 884 2777 comites,
902 2688 980 2757 hinc
997 2683 1130 2755 Pallada
1142 2683 1259 2778 junxit.

316 2898 379 2966 189.
394 2896 483 2959 Mille,
495 2894 525 2948 id
534 2908 574 2949 est
582 2933 592 2960 ‚
600 2898 754 2951 innumera„
872 2916 932 2950 noo.
947 2897 1065 2967 Cogitate
1077 2893 1187 2957 invidie,
1206 2910 1266 2964 quae
1278 2914 1343 2966 pro·

313 2977 419 3046 190.De
427 2973 784 3047 Cyeiedtciumadxxxv,
828 2976 896 3029 fecta
913 2988 953 3031 est
969 2995 984 3029 a
1002 2972 1136 3047 cognatis,
1150 2972 1251 3029 scilicet
1268 2994 1343 3027 soro·

274 3061 318 3111 61.
336 3059 377 3110 De
391 3055 513 3111 Sirem'bes
531 3073 574 3109 res
591 3068 682 3127 aperta
695 3056 784 3119 fieri
827 3056 913 3110 ribus.
1257 3110 1262 3123 ,

274 3137 459 3208 quiseonlerat
468 3136 596 3189 Nostrum
604 3134 683 3201 infra,
692 3154 719 3189 r.
730 3134 781 3188 ²05
870 3154 933 3190 aer.
965 3138 1006 3189 De
1037 3135 1145 3205 Phlegra
1176 3132 1277 3187 dictum
1309 3132 1343 3186 ad

275 3230 301 3269 et
316 3217 370 3271 256
385 3235 444 3288 sqtp
828 3215 1179 3280 xxvn,20.11icaeiem
1198 3214 1342 3285 Gigantum

230 3348 236 3355 ,
315 3315 380 3363 ¹9²·
406 3298 498 3347 Timeri
517 3298 586 3348 cessit
605 3294 677 3366 vsdg.
696 3294 786 3365 pudori
829 3294 945 3361 indicet,
966 3308 1059 3349 contra
1075 3295 1145 3349 Deos
1164 3294 1203 3347 ibi
1222 3312 1342 3365 pugnan-

276 3374 340 3427 cedit
355 3374 432 3427 MSS.
830 3376 907 3429 tium.

315 3460 374 3525 194.
385 3452 739 3525 ImitatioVirgiliana,iEn.
749 3457 785 3520 X,
872 3455 933 3508 205.
952 3454 1030 3507 Siren
1048 3453 1147 3507 dicitur
1165 3454 1273 3505 ἀπὸτοῦ
1292 3472 1341 3503 eii-

278 3536 347 3600 sot,
360 3535 385 3587 Τ
383 3552 442 3586 arno
452 3543 541 3603 tempus
552 3538 608 3597 erit,
618 3553 706 3603 magno
714 3554 786 3607 quum
829 3537 1021 3606 misiliminum,
1031 3536 1118 3604 ligare,
1127 3530 1258 3608 quodsuo
1265 3544 1344 3585 cantu

276 3618 393 3685 optaverit
407 3625 509 3683 emptum
527 3615 645 3665 intactum
660 3614 786 3667 Pallante.
832 3614 913 3667 veluti
934 3626 1026 3667 catena
1044 3612 1197 3667 suavissima
1213 3611 1344 3665 vincirent

323 3714 385 3766 197·
410 3694 551 3749 &ammte
572 3695 641 3746 mila
662 3694 787 3747 tolerabi-
832 3692 1253 3749 audientinmenimos..Muretus
1263 3689 1342 3753 dicit,

277 3776 343 3828 liora
358 3773 484 3846 propriis.
500 3771 573 3825 Illud
589 3774 716 3826 Titanum
734 3774 789 3834 bel·
832 3774 938 3827 Sirenas
949 3774 1031 3827 fnisse
1043 3774 1203 3843 voluptates,
1215 3770 1345 3843 Eusebius

276 3855 334 3905 lum
342 3855 506 3907 intentatum
513 3854 570 3906 Diis
581 3854 720 3907 omnibus:
730 3854 788 3907 brec
833 3854 1000 3919 meretrices,
1011 3872 1070 3925 quae
1081 3864 1161 3904 centu
1172 3864 1198 3903 et
1209 3848 1344 3904 blanditiis

277 3933 409 3987 calamitas
419 3947 469 3986 tua
478 3934 636 4005 peculiaris,
649 3934 721 3987 illata
732 3953 787 3985 non
833 3934 985 4006 navigantes
999 3932 1163 4004 deciperent.

276 4033 292 4065 a
303 4013 437 4064 communi
452 4014 542 4077 hoste,
558 4012 605 4066 sed
616 4033 631 4066 a
641 4015 785 4085 proximis,
875 4018 939 4068 206.
954 4013 1068 4085 &stipae
1079 4013 1149 4081 vulg.
1164 4013 1272 4081 cautique
1283 4005 1342 4059 Ald.

276 4111 289 4146 a
301 4091 467 4163 Proserpinae
479 4103 531 4146 tue
540 4094 687 4164 sororibus.
832 4094 910 4147 MSS.
916 4098 1038 4165 gratique,
1048 4095 1160 4161 tacitique
1166 4090 1252 4143 Plent.
1261 4104 1346 4169 msrg,
