3034 4900
305 467 354 556 34
541 466 615 534 cs.
644 463 948 534 cssuursnr
975 465 1122 536 xxlv.
1169 519 1172 524 .

302 599 464 696 Agricolae
484 609 632 668 reserant
647 597 715 692 jam
733 611 805 666 tuta
823 595 964 693 mapalia
976 599 1097 667 Mauri.

301 711 387 776 Tum
404 705 524 774 virides
542 703 683 799 pardos,
704 717 737 773 et
757 718 875 774 caetera
894 702 1018 798 colligit
1038 705 1145 773 Austri
1324 738 1365 783 sss

302 813 475 930 Prodigia,
491 813 715 904 immanesque
732 807 829 880 simul
845 811 985 880 Latonia
1000 809 1134 900 dentes,

303 922 371 1010 Qui
391 918 471 988 secti
486 916 598 986 ferro
590 941 625 984 ιιι
641 915 790 1002 tabulas,
807 936 954 1010 auroque
973 917 1150 1005 micantes,

302 1025 457 1118 Inscripti
475 1020 609 1091 rutilum
628 1019 742 1090 caelato
762 1021 897 1091 consule
915 1045 1058 1109 nomen,

303 1135 367 1201 Per
383 1151 537 1224 proceres
554 1140 587 1196 et
601 1126 721 1222 vulgus
736 1141 832 1196 eant:
847 1142 963 1222 stupor
977 1127 1130 1199 amnibus
1141 1127 1232 1198 Indis

301 1327 811 1399 scus,sedsrmenta‚quaesuntinps·
852 1325 1363 1398 rari.·Cf.V,54;V11,77;1X‚1rd.

303 1411 372 1466 scuis
382 1427 389 1462 :
400 1409 442 1464 vel
452 1424 610 1479 pascuorum
622 1405 739 1470 domini,
750 1420 811 1460 unte
853 1407 890 1460 Ut
897 1405 1004 1460 redeam
1011 1405 1044 1460 sd
1051 1405 1274 1472 aurum,sidetur
1282 1407 1363 1460 etium

302 1502 376 1544 metu
385 1486 519 1560 oppressi,
530 1485 662 1557 respirant
672 1487 769 1554 tutius,
776 1485 810 1538 li·
853 1487 910 1539 auri
917 1485 1058 1539 filumeutis
1066 1525 1073 1552 ,
1081 1505 1162 1558 opere
1168 1487 1241 1540 velut
1246 1486 1362 1548 musivo,

303 1569 387 1624 herati
400 1566 488 1620 abhis
498 1566 632 1618 monstris.
852 1584 954 1618 nomen
983 1566 1149 1638 magistratus
1170 1566 1200 1618 in
1226 1565 1364 1638 diptychis

345 1643 813 1716 344.Reseraat,apertsrelinqnunt
855 1663 1024 1718 expressim,
1042 1645 1118 1717 quod
1132 1659 1212 1716 poeta
1225 1658 1303 1699 vocnt
1320 1665 1363 1698 ›u-

304 1728 429 1799 mspalia,
449 1735 525 1789 ante,
543 1725 579 1776 ob
597 1737 696 1777 metum
713 1724 811 1776 hestia·
855 1726 932 1777 turus.
946 1756 987 1768 -
1003 1725 1152 1798 Descriptio
1172 1724 1364 1798 diptychorum

303 1826 382 1874 rum,
398 1803 485 1858 claudi
499 1803 563 1857 seris
577 1815 604 1856 et
623 1801 752 1874 repsgulis
768 1822 811 1856 so·
854 1805 1054 1869 eburneorum,
1073 1823 1188 1876 quorum
1207 1805 1259 1858 hoc
1274 1806 1363 1877 ipsum

303 1887 359 1940 lita.
853 1895 958 1954 tempus
982 1896 1040 1937 erat
1059 1883 1266 1950 feracissimam,
1288 1881 1363 1955 qnod

346 1965 411 2029 345.
440 1963 537 2016 Virides
560 1961 650 2032 pardos
675 1959 754 2025 dixit,
782 1973 813 2015 ut
854 1963 1084 2036 apprret.siquis
1097 1964 1365 2035 estsiognmeomm,

304 2044 437 2109 XXXVI,
455 2045 520 2109 266,
533 2040 568 2095 de
583 2037 680 2112 tigride
694 2051 813 2113 totamque
853 2061 914 2114 quse
924 2041 1011 2096 adhuc
1021 2042 1155 2115 publicata
1166 2057 1243 2109 sunt,
1253 2061 1364 2114 percur-

304 2125 437 2178 oirentibus
460 2127 520 2175 iram
543 2121 668 2191 Dispergit
692 2121 790 2173 maculis
800 2142 812 2184 ,·
854 2135 912 2188 rat,
931 2141 1011 2194 qnem
1029 2141 1116 2193 nuper
1135 2121 1211 2176 dedit
1230 2141 1292 2175 cum
1314 2141 1364 2175 suo

304 2205 379 2278 qussi
388 2224 403 2257 a
413 2220 516 2256 veneno
525 2199 640 2273 quodam
650 2201 696 2254 iras
704 2199 813 2254 demum
857 2199 988 2273 diptycho
1002 2203 1036 2256 cl.
1049 2199 1141 2255 Sarius
1152 2219 1168 2254 a
1178 2219 1207 2273 p.
1223 2203 1251 2256 8.
1267 2201 1364 2254 Goria·

305 2283 404 2338 virides
417 2283 533 2335 fierent:
552 2299 604 2351 qua
618 2279 727 2351 quidem
742 2280 772 2332 in
783 2299 814 2332 re
855 2301 921 2334 num
939 2283 1013 2335 enim
1031 2280 1220 2354 diptychorum
1242 2282 1363 2334 cunema-

304 2363 412 2434 ingenio
426 2379 474 2414 suo
489 2361 650 2430 obsequitur.
664 2359 730 2424 Quu
745 2359 814 2413 mihi
855 2361 926 2415 rium
943 2362 1111 2426 thesaurum,
1126 2379 1209 2432 quum
1224 2360 1273 2414 ists
1288 2379 1362 2413 com·

304 2464 355 2515 pru
378 2440 440 2512 tigri
460 2451 563 2492 ostensa
584 2450 624 2491 est
639 2439 738 2503 bestia,
757 2441 814 2509 ejus
856 2454 1004 2503 mentsrer,
1018 2438 1139 2495 nondum
1151 2437 1277 2493 videram.
1293 2439 1365 2493 Stili-

305 2520 415 2575 maculae
431 2520 460 2571 in
478 2517 539 2570 atho
556 2517 721 2587 nigricabaut
740 2536 746 2570 ι
764 2537 814 2571 nec
855 2520 949 2573 choms
970 2520 1053 2592 ipsius
1067 2517 1219 2593 aliquandiu
1240 2520 1363 2572 habitum

305 2598 401 2664 rideo,
415 2598 462 2669 qui
474 2595 556 2649 hodie
567 2595 653 2651 viride
664 2594 814 2667 quidquam
856 2600 1016 2653 Divionense
1036 2596 1121 2663 illud,
1145 2596 1218 2670 quod
1243 2616 1299 2650 non
1325 2598 1364 2652 ita

306 2683 334 2734 in
360 2691 416 2731 totu
440 2678 492 2730 hoc
515 2694 611 2747 genere
631 2676 814 2730 Africanarum
855 2679 962 2751 pridem
985 2698 1002 2733 ιι
1026 2676 1150 2733 Gesseris
1173 2677 1298 2731 iratribus
1320 2676 1363 2730 in·

306 2756 461 2815 observarit.
485 2754 601 2809 Maculas
623 2754 710 2827 nigrss
732 2756 814 2827 vulgo
856 2756 1092 2830 dultum,quodsd
1101 2770 1364 2829 utramquepartem,

305 2854 398 2891 omnes
407 2836 538 2889 tribuunt.
547 2832 671 2905 Superest
683 2848 713 2887 ut
724 2836 814 2888 vin'des
855 2857 876 2890 s.
891 2838 1007 2890 tabulam
1022 2838 1168 2909 publieuvit
1182 2850 1208 2890 et
1223 2836 1365 2891 illusnarit

307 2918 449 2980 dilutiore,
461 2926 491 2967 ut
509 2914 546 2967 ita
559 2910 661 2978 dicum,
679 2914 815 2968 intellectu
855 2916 1063 2987 Hsgeubuchins
1084 2918 1097 2971 d
1119 2919 1274 2989 imqpapsss'se
1300 2935 1363 2969 euru

307 2995 405 3050 dixerit
423 3005 500 3065 poeta
517 2992 628 3065 pardos,
647 2991 815 3048 flavescentes
855 2994 1014 3061 Quiriniano
1028 2994 1158 3069 diptycho
1175 3015 1189 3049 s
1207 3015 1235 3067 p.
1253 2994 1306 3048 232
1323 3014 1364 3068 aq.

306 3076 486 3148 aliquantum,
503 3092 595 3138 ravos,
616 3087 647 3126 ut
664 3086 727 3127 aunt
745 3074 813 3145 lupi.
856 3076 949 3129 -Pro
958 3075 1063 3129 duobus
1073 3076 1192 3131 versibus
1203 3093 1288 3127 unum
1303 3076 1363 3146 qui·

306 3156 349 3210 Sic
356 3154 441 3222 sulvus
453 3172 512 3223 uper
523 3151 604 3205 ovid.
619 3156 676 3207 hrt.
689 3152 731 3219 11,
747 3152 813 3223 373,
854 3150 916 3207 dam
928 3174 1058 3208 manuscr.
1071 3154 1188 3219 hubent,
1205 3154 1256 3223 Qui
1270 3175 1324 3207 mou
1339 3158 1364 3206 iu

306 3236 392 3308 poetis
414 3232 520 3286 videtur
542 3252 622 3305 quarn
643 3232 814 3286 venatoribus
856 3232 950 3287 tabulas
963 3238 1075 3305 incripta
1089 3234 1183 3287 romule
1197 3237 1263 3288 secti.

306 3316 403 3369 notior.
896 3314 961 3383 349.
974 3316 1063 3369 Amnes
1075 3314 1133 3367 Indi
1145 3326 1266 3385 stupent,
1278 3330 1362 3384 quum

348 3392 413 3456 346.
426 3392 517 3443 Barrus
531 3408 661 3445 manuscr.
858 3405 898 3447 tot
910 3392 943 3446 sd
957 3412 985 3447 se
998 3393 1153 3465 elephantos
1166 3406 1261 3465 potum
1272 3390 1364 3445 venire

347 3470 414 3541 347.
423 3470 495 3528 Auro
508 3474 620 3521 micarum
634 3468 763 3540 diptycha
775 3470 815 3523 in·
857 3472 1064 3527 videntmutilos
1073 3492 1079 3526 :
1089 3470 1196 3545 dignior
1207 3468 1314 3543 quidem
1327 3469 1365 3524 in·

305 3550 411 3607 terdum
428 3546 490 3603 data
507 3546 622 3602 ostendit
640 3548 814 3621 Symmachus
855 3554 934 3623 genio
949 3552 1040 3607 Nostri
1051 3552 1190 3606 videbatur
1206 3550 1263 3602 hee
1282 3550 1364 3603 lectio

304 3631 390 3705 Epist.
400 3630 445 3693 11,
456 3630 506 3682 80:
516 3629 648 3681 sDomino
657 3640 683 3682 et
695 3629 814 3702 Principi
857 3645 884 3685 et
896 3631 1031 3685 distinctio
1044 3650 1099 3703 pras
1110 3632 1155 3685 illa
1165 3630 1283 3700 vulgata:

305 3724 410 3766 nostro·
424 3742 431 3757 ·
443 3706 720 3761 08U1'00ircumddtum
726 3707 815 3783 dipiy·
856 3726 894 3766 Per
907 3740 998 3780 proterea
1011 3736 1030 3766 st
1040 3726 1111 3779 vulgus
1120 3734 1173 3773 eant,
1186 3732 1254 3777 stupor
1262 3725 1354 3765 omnihus

305 3788 441 3854 chon(sic
464 3788 534 3841 enim
557 3787 606 3859 leg.
627 3806 678 3859 pro
699 3788 813 3842 barbaro
897 3796 958 3836 lsai..

304 3866 632 3941 ‹lypes'cummisimssteros
641 3886 747 3939 quoque
758 3864 814 3930 (ad·
856 3869 988 3940 Diptychs
1003 3886 1064 3921 sane
1077 3886 1132 3919 nou
1148 3877 1211 3921 sunt
1223 3878 1309 3936 stupui·
1323 3867 1365 3919 In·

304 3945 814 4011 dsmusenimetismhoc)amicosehur·
855 3948 894 4001 dis
916 3948 1036 4014 annidies,
1059 3966 1172 4019 quorum
1193 3947 1298 4019 paucis,
1320 3958 1366 3997 eut

305 4022 813 4098 neispugillaribus(diptychis)etcani-
855 4028 1013 4094 uulliadeo‚
1026 4028 1203 4082 innotescunt.
1217 4026 1258 4079 Ne
1266 4035 1366 4077 mutata

305 4108 386 4161 stellis
400 4100 410 4169 <
423 4105 546 4175 sportulis
560 4103 569 4167 )
583 4108 711 4177 argenteis
725 4106 812 4160 hono·
855 4107 964 4179 quidem
974 4107 1145 4163 distinetione
1154 4126 1246 4163 verum
1254 4117 1304 4170 est,
1314 4103 1366 4156 ele·
