3034 4900
269 445 336 517 152
500 447 574 513 CL
603 446 906 516 CLAUDIANI
932 450 1079 518 XXIX.

264 582 369 649 Scena
386 576 550 675 pudicitiae
570 603 578 643 :
595 592 690 647 terrae
707 576 877 672 pelagique
892 576 1038 663 labores,

265 689 310 757 Et
327 684 464 753 totidem
483 684 559 751 saevi
580 682 692 771 bellis,
710 698 793 777 quot
809 684 981 768 fluctibus,
1003 688 1098 770 anni,

267 791 421 884 Conjugii
438 788 579 857 docuere
596 788 696 858 fidem
716 816 723 856 :
747 790 789 858 sit
807 789 945 859 Claudia
961 789 1037 859 felix

266 897 363 965 Teste
378 898 469 983 Dea,
485 909 658 989 castosque
675 896 795 989 probet
813 896 874 964 sub
893 898 1028 966 numine
1044 922 1171 984 mores,

267 1000 450 1073 Absolvens
466 1002 650 1095 puppisque
665 1025 776 1070 moras
792 1003 981 1095 crimenque
999 1002 1156 1097 pudoris:
1301 1033 1325 1071 a.

268 1106 431 1203 Penelope
446 1106 556 1175 trahat
571 1121 641 1175 arte
657 1132 794 1202 procos,
811 1105 965 1201 fallatque
981 1107 1126 1179 limentes
1173 1129 1181 1159 ‹

270 1215 416 1282 Stamina
431 1227 602 1282 nocturnae
617 1211 765 1307 relegens
781 1211 912 1283 solertia
927 1211 1017 1299 telae3

268 1321 347 1388 Non
363 1333 473 1387 tamen
490 1318 659 1386 audebunt
675 1317 777 1387 titulis
796 1334 923 1388 certare
941 1322 1081 1390 Serenae.

269 1424 371 1514 Quod
385 1426 412 1493 si
427 1423 580 1493 nobilitas
597 1427 725 1493 eunctis
740 1424 874 1494 exordia
890 1425 1005 1518 pandit

269 1530 459 1616 Laudibus,
480 1544 579 1624 atque
599 1556 714 1600 omnes
729 1532 868 1599 redeunt
885 1530 919 1599 in
935 1532 1060 1600 semina
1077 1555 1200 1619 causae,
1301 1560 1326 1599 r,

270 1637 356 1725 Quis
373 1634 591 1705 venerabilior
608 1636 760 1730 sanguis?
782 1661 854 1731 quae
872 1636 978 1729 major
993 1638 1101 1731 origo,

268 1742 379 1831 Quam
400 1741 534 1836 regalis,
551 1740 633 1811 erit?
648 1767 716 1811 non
735 1743 801 1812 hoc
820 1744 948 1837 privata
964 1742 1084 1811 dedere

270 1850 418 1930 Limina,
438 1872 499 1915 nec
517 1861 645 1917 tantum
664 1862 795 1942 poterat
812 1850 1004 1941 contingere
1022 1873 1145 1918 numen

268 1955 423 2047 Angustia
445 1953 585 2021 Laribus
602 1979 609 2019 :
629 1970 748 2047 patruo
764 1969 797 2022 te
812 1954 965 2047 Principe
981 1952 1103 2023 celsam

270 2057 468 2152 Bellipotens
484 2057 625 2128 illustrat
639 2084 745 2127 avus:
769 2062 824 2153 qui
842 2060 935 2152 signa
955 2062 1113 2129 Britanno
1306 2094 1331 2137 40,

269 2164 387 2233 Intulit
404 2166 559 2250 Oceano,
576 2164 770 2259 Gaetulaque
791 2162 936 2259 reppulit
952 2190 1053 2234 arma.

270 2269 403 2340 Claram
424 2270 611 2365 Scipiadum
634 2284 741 2339 taceat
756 2270 910 2342 Cornelia
929 2286 1080 2363 gentem,

311 2508 591 2561 ²6.Deeatbicreraua
599 2508 671 2562 Med.
688 2528 699 2562 r
712 2523 738 2562 et
749 2517 776 2574 4.
863 2509 909 2564 33.
926 2511 1014 2563 Titulle
1028 2509 1189 2574 nobilitatis,
1202 2509 1325 2569 honoris,

276 2615 280 2620 ’
304 2587 779 2660 27.DecemUlyssiaannisoevierant
823 2590 935 2643 virtutis.
1313 2595 1315 2600 ’

270 2666 337 2717 bellis
350 2677 377 2718 et
389 2667 487 2737 pugnis
500 2665 534 2719 ad
544 2668 669 2737 Trojarn,
682 2669 778 2720 totidem
863 2668 910 2721 35.
928 2668 1017 2720 Omnes
1035 2665 1123 2719 laudes
1138 2665 1252 2718 redeunt
1270 2677 1329 2718 tan-

270 2745 334 2797 anni
346 2746 464 2814 fictilia
483 2765 513 2798 ae
530 2748 728 2818 tempestatibus
748 2749 778 2800 in
823 2765 904 2819 quarn
917 2747 946 2798 in
959 2746 1057 2799 semina
1073 2763 1156 2798 causa
1174 2763 1235 2798 aua.
1251 2746 1329 2816 lnge·

269 2821 359 2875 reditu
375 2823 542 2877 sustinendis.
559 2826 659 2880 Omnes
673 2825 779 2880 fidelem
822 2827 879 2879 nita
891 2843 906 2878 a
919 2826 1062 2895 majoribus
1077 2825 1178 2889 virtus,
1193 2824 1330 2896 ingenium

269 2899 447 2954 ostenderunt
472 2905 592 2975 conjugi,
615 2909 690 2976 eujus
714 2904 779 2959 inde
822 2905 928 2958 virtutis
943 2923 1039 2976 capax,
1055 2903 1128 2956 velut
1144 2923 1234 2956 semen
1248 2915 1330 2968 est,e

271 2982 358 3033 elucet
372 2982 457 3033 virtus
471 2994 497 3034 et
513 2984 666 3037 amabilitas.
823 3003 878 3056 quo
891 2998 1052 3037 enascuntur
1065 2984 1187 3052 actiones.
1203 2985 1259 3036 Cur
1273 2997 1331 3034 tan-

312 3059 359 3112 30.
377 3060 472 3113 Crimen
484 3063 598 3132 pudoris,
618 3064 703 3117 intell.
720 3065 778 3116 vio·
812 3065 867 3118 'tus
875 3066 916 3117 vir
925 3064 1008 3116 lactus
1016 3076 1055 3117 est
1064 3061 1331 3134 Caesaripraeelarum

269 3138 326 3203 lati.
345 3139 437 3192 Fuisse
450 3141 522 3193 enim
538 3154 598 3194 ante
612 3142 664 3196 boe
678 3144 780 3196 factum
823 3157 916 3196 nactus
941 3155 996 3197 erat
1019 3143 1170 3213 ingenium,
1194 3142 1332 3194 materiem

270 3218 401 3289 ambiguo
414 3219 489 3272 famae
503 3219 653 3287 Claudiam,
668 3223 779 3293 scripto·
823 3223 899 3275 velut
913 3219 1011 3276 herois.
1029 3222 1088 3274 lloo
1103 3223 1156 3293 jam
1176 3220 1210 3273 ad
1230 3222 1333 3274 Serena

271 3315 314 3350 rea
325 3293 423 3351 laudati
437 3312 554 3353 narrant.
823 3301 920 3367 natales
927 3301 1063 3365 transfert,
1071 3298 1105 3354 de
1113 3302 1210 3373 quibua
1218 3296 1331 3352 videnda

313 3375 360 3428 3².
380 3377 484 3429 Solea-tia
503 3391 545 3430 est
563 3379 652 3449 ipsum
673 3378 779 3431 virtutis
823 3381 911 3433 tabula
922 3380 1095 3452 genealogica.

271 3472 373 3524 nomen
395 3457 554 3519 abstractum
579 3476 630 3528 pro
653 3470 779 3511 oonereto
864 3458 907 3510 38.
921 3459 1016 3510 Numen
1029 3460 1074 3512 hie
1087 3461 1222 3530 majestas,
1236 3469 1262 3508 et
1276 3473 1331 3507 ma-

271 3534 398 3604 poaitum.
411 3534 465 3588 Sed
474 3535 547 3605 quod
559 3538 780 3588 nortmanniam
823 3555 873 3607 gna
887 3537 926 3590 vis
939 3537 1049 3607 ingenii.

270 3625 360 3671 vocat,
374 3631 430 3667 non
448 3628 487 3667 est
505 3615 688 3684 accipiendum
704 3615 778 3686 quasi
864 3623 911 3679 ¹1⁰·
928 3616 1006 3684 Signa
1023 3617 1160 3674 Britanno:
1178 3631 1259 3685 snpra
1281 3614 1333 3666 boo

270 3706 348 3765 noete
361 3694 477 3748 texuerit
492 3695 637 3766 Penelope,
650 3693 696 3746 aed
711 3694 779 3758 tela,
823 3693 937 3746 vidimus
949 3693 983 3746 de
991 3694 1145 3748 Theodosio
1159 3695 1274 3746 seniore.
1296 3711 1297 3714 ¹

271 3789 349 3841 quam
364 3787 443 3827 noete
457 3775 572 3826 retexuit
587 3791 594 3825 :
612 3774 665 3825 hoc
678 3772 779 3843 signifi-
857 3779 903 3835 4²·
912 3772 1034 3837 Cornelia,
1044 3774 1229 3828 Gracchorum
1240 3785 1334 3840 mater,

271 3864 313 3902 cat
323 3852 350 3904 h.
364 3852 382 3905 l.
396 3855 509 3907 verbum
522 3855 641 3921 relegere,
655 3872 681 3923 q,
694 3850 721 3905 d.
734 3869 778 3903 re·
823 3853 922 3904 virtute
936 3864 963 3904 et
976 3852 1096 3908 doctrina
1111 3851 1209 3905 florens
1223 3852 1334 3914 mulier,

270 3930 468 4000 molegere,ut
481 3934 583 4001 relegere
593 3951 675 3984 curem
684 3931 780 3983 Horat.
823 3933 898 4000 cujas
924 3932 1005 3985 etiam
1029 3933 1174 4004 fragmenta
1197 3932 1334 3986 literarum

271 4007 360 4061 Germ.
372 4009 400 4072 l,
413 4027 512 4073 mar,
530 4011 560 4075 5,
574 4024 613 4064 eat
625 4023 700 4064 retro
713 4028 778 4062 eur·
823 4021 942 4076 exstant,
962 4025 990 4065 et
1005 4031 1065 4066 eum
1084 4011 1211 4067 Cornelio
1230 4011 1333 4078 Nepote

270 4105 329 4144 rere
341 4105 371 4140 ea
384 4087 425 4138 via
436 4106 489 4156 qna
501 4105 616 4140 veneras.
823 4089 907 4141 solent
924 4089 975 4145 edi.
1281 4091 1283 4096 '
