3034 4900
316 453 402 525 190·
495 407 604 498 'cn
635 429 932 499 chaoniam
959 432 1155 501 xxxin.

225 644 229 655 Ι
310 561 440 656 Vulgus
461 562 570 648 iners,
590 560 708 655 opibus
729 585 871 655 quorum
891 561 1036 632 donatur
1053 567 1162 634 avaris

310 666 481 762 Quidquid
503 667 537 735 in
555 667 636 736 orbe
656 668 754 762 perit,
773 693 857 762 quos
870 671 952 762 Styx
968 668 1145 741 liventibus
1162 672 1266 743 ambit

308 773 474 844 Interfusa
491 773 601 861 vadis,
616 788 650 842 et
666 798 748 868 quos
764 773 924 844 firmantia
943 790 1101 870 torquens
1360 793 1365 800 '

309 883 455 976 AEquora
473 880 654 949 vorticibus
673 879 879 975 Phlegethon
897 880 1075 976 perlustrat
1095 884 1242 973 anhelis3

310 990 381 1058 Vos
396 987 477 1055 mihi
491 1011 658 1056 sacrarum
677 985 856 1081 penetralia
877 988 1011 1082 paudite
1032 1014 1160 1078 rerum,
1347 1022 1371 1059 ‚s

311 1096 356 1165 Et
375 1094 475 1162 vestri
494 1107 620 1162 secreta
638 1089 705 1186 poli
721 1117 728 1159 :
742 1117 809 1187 qua
829 1091 981 1188 lampade
999 1096 1111 1164 Ditem

310 1198 414 1269 Flexit
428 1201 547 1280 Amor,
561 1223 628 1292 quo
643 1197 743 1267 ducta
764 1199 859 1269 feros
873 1202 1070 1296 Proserpina
1085 1216 1182 1296 raptu

309 1305 457 1376 Possedit
477 1302 586 1374 dotale
605 1303 733 1390 Chaos,
750 1320 956 1401 manusque
972 1331 1124 1402 peroras

309 1410 455 1481 Sollicito
476 1411 619 1505 genitrix
637 1414 797 1480 erraverit
810 1413 905 1481 anxia
918 1437 1018 1482 cursu
1031 1439 1039 1480 :

309 1517 409 1588 Unde
431 1515 514 1587 datae
531 1515 662 1613 populis
683 1515 791 1612 leges,
806 1533 841 1587 et
857 1517 977 1613 glande
995 1517 1108 1588 relicta
1168 1514 1184 1526 ’
1347 1549 1372 1588 s

355 1745 400 1781 ²1.
418 1725 625 1798 Philosophatur
640 1725 722 1778 Poeta
742 1743 817 1778 more
860 1727 897 1792 V,
912 1725 978 1780 iai.
991 1725 1071 1793 Quod
1085 1727 1167 1779 &tole
1180 1739 1275 1793 vocat,
1292 1727 1372 1782 intel·

310 1807 483 1867 Heraclidem
505 1803 574 1858 nihil
596 1805 685 1876 perire
706 1804 817 1858 omnino
859 1804 980 1877 ligimus,
999 1806 1077 1858 dotem
1092 1806 1170 1860 latius
1184 1819 1279 1878 patere
1290 1827 1372 1880 qnam

309 1905 425 1944 ererum
438 1898 548 1953 natura,
558 1882 606 1938 sed
617 1882 702 1956 redigi
713 1885 741 1936 in
753 1882 816 1953 cidus
861 1884 932 1956 apud
953 1885 1037 1940 JCtos
1061 1907 1068 1937 z
1095 1899 1123 1940 et
1144 1886 1372 1958 comprehendere

309 1987 369 2041 quas
383 1967 453 2020 mori
464 1965 507 2019 vel
522 1965 632 2018 interire
645 1963 774 2029 dicimus,
788 1965 817 2018 h.
860 1963 993 2039 quidquid
1018 1966 1173 2037 nuptiarum
1192 1985 1271 2020 causa
1293 1967 1372 2021 datur

309 2068 332 2102 e.
353 2048 382 2100 in
403 2065 461 2100 eam
482 2043 679 2109 conditionem,
699 2045 748 2097 ubi
768 2063 818 2100 neo
860 2044 976 2098 mulieri.
989 2045 1058 2098 Nam
1068 2046 1149 2098 dotale
1161 2046 1244 2100 Chaos
1253 2047 1313 2100 sine
1323 2045 1373 2100 du·

309 2127 394 2190 risui,
407 2145 457 2180 nec
467 2124 511 2179 alii
525 2124 613 2178 sensui
624 2125 679 2177 sint
690 2124 816 2196 exposita.
860 2125 907 2177 hio
928 2138 982 2191 est,
1001 2125 1075 2197 quod
1093 2127 1252 2198 Proserpina
1274 2126 1371 2190 hahet,

308 2206 373 2262 vid.
385 2225 412 2260 ν.
426 2207 460 2260 55
473 2205 745 2278 sqq.-Avnroeopes,
759 2203 831 2275 qut,
861 2218 992 2276 quatenns
1012 2206 1100 2258 estin
1120 2205 1292 2259 matrimonio
1308 2207 1371 2260 Plu·

309 2289 359 2342 bus
369 2287 439 2340 nihil
452 2282 571 2346 decedit,
587 2282 632 2337 sed
644 2283 747 2338 accedit
756 2301 818 2355 per·
861 2285 940 2338 tonia.
955 2285 1000 2338 Sic
1017 2286 1096 2338 etiam
1111 2284 1146 2338 de
1160 2286 1306 2357 majoribus
1321 2304 1370 2338 no·

306 2379 399 2438 petuo.
490 2423 492 2429 ,
860 2364 922 2418 atris
937 2367 1001 2418 Tac.
1014 2384 1037 2422 c.
1050 2365 1163 2430 XVIII,
1177 2367 1371 2430 s,Dotennoa

351 2469 395 2501 aa.
410 2444 473 2518 Styx
488 2443 525 2497 sic
539 2441 636 2497 dicitur
648 2443 696 2496 ἀπὸ
707 2449 748 2496 τοῦ
757 2464 818 2497 oro·
860 2450 1029 2509 teoormarito,
1043 2445 1087 2497 sed
1097 2450 1276 2498 mimaritias
1288 2446 1369 2513 offen.

307 2532 371 2599 γιῑν,
381 2526 504 2584 horrere.
520 2522 622 2589 odisse,
633 2522 707 2593 quasi
719 2522 754 2575 sit
765 2523 817 2576 flu·
902 2523 949 2577 do.
964 2526 1042 2589 Unde,
1055 2538 1087 2578 ut
1097 2525 1173 2590 alias,
1183 2524 1217 2578 ad
1227 2542 1369 2596 personam

308 2609 367 2660 rius
379 2605 435 2659 odii
449 2616 529 2675 atque
540 2604 660 2656 horroris
674 2620 681 2655 ε
693 2616 818 2655 catorum
859 2604 975 2658 refertur
987 2624 995 2659 ε
1008 2624 1023 2657 a
1037 2605 1133 2659 Cerere
1145 2605 1217 2657 enim
1231 2605 1369 2657 occasione

309 2688 375 2759 Styx
390 2687 449 2737 lons
465 2696 505 2737 eat
518 2680 637 2737 Arcadia
652 2701 755 2736 veneno
770 2683 817 2735 tri·
859 2683 931 2737 illius
947 2686 1068 2738 muneris
1083 2684 1140 2750 sui,
1158 2685 1283 2755 frugum,
1300 2683 1370 2753 leges

307 2764 443 2836 gidissimo
452 2781 482 2814 ac
493 2762 695 2831 praesentissimo
705 2774 817 2827 scatens,
859 2763 940 2816 etiam
954 2763 1023 2817 data
1038 2781 1045 2816 ε
1060 2762 1369 2834 uudetaopopo'poe‚10e·

309 2854 336 2898 et
353 2842 414 2896 ideo
432 2840 560 2893 tribuitur
577 2842 677 2893 inseris.
696 2842 755 2894 Hoc
771 2860 817 2894 ve·
859 2843 942 2913 giiera
956 2856 1083 2909 vocaturn,
1103 2854 1131 2894 et
1143 2860 1248 2895 uerum
1266 2842 1306 2894 illi
1321 2860 1368 2893 an·

309 2941 379 2978 neno
393 2921 511 2975 sublatus
526 2919 685 2973 Alexander.
859 2939 945 2974 nuum
966 2921 1019 2977 hoc
1041 2921 1152 2975 nomine
1172 2922 1365 2983 constitutum,

351 3010 396 3068 πά.
422 3000 565 3071 Gurgitibus
585 3000 691 3063 nudem,
714 2997 742 3051 id
762 3013 815 3063 est,
858 3003 1014 3074 θεσμοφόρια.
1023 3004 1127 3074 Nempe
1138 3001 1365 3073 cumagricultura

307 3084 460 3139 turbinibus
469 3098 597 3153 aquarum
607 3079 778 3145 sonantium,
790 3092 816 3133 ot
858 3081 1032 3134 Athenienses
1048 3082 1128 3152 etiam
1147 3092 1306 3152 receperunt
1326 3078 1365 3132 di·

307 3167 380 3220 velut
402 3180 470 3234 sagro
490 3160 624 3224 anhelitu,
643 3171 755 3231 propter
774 3159 816 3211 ni·
857 3160 988 3214 visionem
1008 3178 1132 3231 agrorum
1154 3174 1318 3221 accuratam,
1340 3170 1367 3211 et

309 3246 390 3299 mium
405 3243 507 3315 copiam
522 3258 570 3308 per
582 3239 720 3293 intervalla
734 3240 816 3310 magis
857 3240 955 3295 limites
962 3240 1128 3311 privatorum
1138 3238 1366 3311 quoqueprasdio·

308 3344 338 3378 ac
351 3324 433 3395 magis
448 3321 631 3384 aestuantium,
645 3318 673 3371 id
688 3317 763 3391 quod
776 3338 816 3372 ao·
858 3339 918 3373 rum
936 3339 951 3373 a
970 3321 1077 3374 nemine
1091 3320 1190 3373 civium
1204 3318 1364 3372 violandus:

306 3402 373 3458 cidit
385 3403 414 3456 in
428 3400 587 3455 fornacibus.
857 3418 941 3472 porro
951 3398 1025 3471 quod
1037 3401 1150 3472 quisque
1161 3400 1234 3451 cultu
1244 3415 1365 3461 suo,suo

357 3488 402 3536 ²6.
417 3478 539 3551 tampade
550 3479 649 3549 statere
668 3478 713 3530 iila
730 3478 816 3531 terrea
858 3480 887 3532 in
907 3498 985 3551 agro,
1005 3479 1148 3543 effecisset,
1164 3478 1216 3529 hoc
1231 3476 1283 3546 ipsi
1301 3494 1365 3547 pro·

306 3577 333 3617 et
351 3562 458 3615 tubulos
475 3558 574 3611 vitreos
591 3557 676 3611 solent
693 3558 815 3612 artifices.
858 3558 947 3630 prium
968 3557 1093 3631 praestare
1115 3557 1229 3611 debebat
1248 3555 1365 3627 respubl.

307 3642 361 3698 Sed
380 3662 414 3696 sn
432 3642 485 3693 hoc
504 3636 585 3691 modo
600 3639 689 3691 Ditem
709 3636 816 3709 Cupido
859 3640 1031 3692 utauemiue
1044 3640 1152 3709 impune
1161 3646 1251 3707 posset
1259 3635 1364 3689 violari.

308 3725 424 3788 flexerit,
435 3718 553 3773 viderint
563 3736 655 3771 manes
666 3715 815 3771 Claudiani.
858 3718 921 3772 Hsac
939 3719 1030 3791 legum
1047 3718 1138 3781 initia,
1157 3714 1231 3768 uude
1250 3713 1286 3767 ad
1303 3714 1365 3768 reli-

307 3804 375 3857 Mihi
397 3803 484 3855 multo
510 3800 591 3871 magis
613 3798 700 3869 placet
728 3799 815 3868 conje·
857 3816 938 3869 quam
951 3798 1144 3851 humanitatem
1158 3796 1364 3866 civilitatemque

306 3896 379 3934 utura
403 3885 496 3951 Cujac.
529 3899 575 3950 quo
612 3880 707 3931 sumre
730 3878 813 3929 Ditua
857 3895 1010 3948 progressus
1025 3878 1107 3932 facilis
1121 3876 1181 3929 tuit.
1194 3878 1264 3929 Ante
1277 3877 1365 3946 fruges

309 3962 391 4012 latit.
856 3956 978 4010 invemas
1000 3955 1095 4028 glande
1115 3957 1203 4021 vesci,
1223 3958 1364 4024 βαλινπᾳα·

350 4036 552 4091 recreantis
562 4036 723 4091 declaratum
731 4032 814 4087 estad
855 4039 919 4105 γαῖν,
941 4038 1104 4107 putabantur
1123 4036 1258 4101 homines,
1278 4035 1365 4087 unctu
