3034 4900
297 442 345 512 68
534 441 608 508 CL.
637 439 941 509 cutuuttut
968 443 1121 512 XXVI.

295 574 523 666 Exiguumque
548 594 675 639 morum
701 571 805 638 muris
826 571 981 664 impende
999 573 1147 664 tuendis,

297 683 388 749 Dum
403 677 502 747 redeo
518 674 638 746 lectum
654 677 800 746 referens
815 678 850 744 in
865 675 1000 747 classica
1014 680 1156 748 robur.»

349 787 409 853 His
425 783 519 853 dictis
535 783 645 879 pavidi
665 783 811 852 firmavit
828 784 945 852 inertia
967 782 1058 878 vulgi

296 894 453 974 Pectora,
473 892 709 984 migrantisque
726 889 840 984 fugam
861 893 1065 985 compescuit
1081 891 1172 962 culte.
1319 923 1377 964 31⁵

295 1000 448 1093 Ansaque
466 1011 537 1066 tum
555 998 700 1090 primum
717 996 860 1065 tenebris
881 1021 1051 1091 emergere
1069 996 1170 1092 pulsis

294 1105 472 1198 Hesperia,
488 1117 527 1171 ut
546 1126 658 1172 secum
676 1101 822 1194 junxisse
844 1102 990 1196 pericula
1006 1103 1088 1172 vidit

293 1213 500 1304 Augustum,
517 1223 676 1302 tantoque
696 1209 744 1277 sui
763 1210 851 1277 stetit
871 1209 988 1278 obside
1012 1210 1080 1279 fati.

346 1317 516 1396 Protinus,
531 1314 688 1382 umbrosa
708 1315 807 1383 vestit
826 1339 891 1408 qua
910 1314 986 1384 litus
1006 1315 1095 1384 oliva

293 1424 426 1509 Larius,
447 1434 481 1490 et
499 1418 588 1490 dulci
608 1422 766 1489 mentitur
785 1423 896 1489 Nerea
916 1420 1038 1509 fluctu,

292 1533 397 1600 Parva
416 1551 528 1624 puppe
549 1525 657 1596 lucum
680 1526 891 1622 praetervolat
909 1555 917 1595 ε
938 1530 1029 1598 ocius
1050 1529 1126 1598 iude

289 1635 425 1704 Scandit
442 1636 626 1702 inaccessos
644 1631 786 1701 brumali
805 1633 911 1703 sidere
930 1651 1077 1723 montes,

290 1740 345 1810 Nil
365 1740 483 1808 hiemis
502 1737 613 1808 caelive
630 1764 765 1808 memor.
790 1742 844 1809 Sic
863 1739 916 1809 ille
938 1740 1124 1836 relinquens

290 1849 425 1941 Jejunos
444 1859 540 1914 antro
557 1843 685 1914 cuttrlos
702 1848 878 1914 immanior
897 1849 964 1916 exit

293 1954 437 2022 Hiberna
460 1952 521 2021 sub
543 1965 641 2020 nocte
662 1951 733 2040 leo,
753 1955 936 2048 tacitusque
957 1978 1017 2047 per
1030 1953 1112 2024 altas
1315 1984 1353 2022 ss

290 2059 419 2129 Incedit
433 2058 549 2129 furiale
569 2060 682 2128 nives:
704 2072 794 2128 stunt
811 2058 894 2128 colla
913 2062 1039 2154 pruinis

289 2236 416 2310 periculis
427 2235 539 2307 expositi
553 2247 615 2288 sunt
626 2252 718 2288 omues
731 2236 799 2300 mei,
842 2235 973 2287 Rbaetiam
986 2247 1095 2306 petente
1110 2235 1247 2303 relictum,
1264 2237 1354 2309 quod·

291 2331 375 2372 etrus
387 2314 494 2386 fugitis?
842 2332 958 2386 cumque
973 2316 1071 2381 latum,
1084 2333 1267 2388 quoscumque
1279 2337 1355 2372 casus

332 2397 395 2451 313.
410 2395 433 2448 C
433 2396 519 2446 tassice
531 2394 623 2466 posuit
635 2393 800 2466 metonymic
843 2413 931 2448 secum
950 2393 1096 2448 aditurum.
1115 2395 1244 2450 -Stetit
1260 2396 1352 2465 finus,

290 2475 637 2549 quadum,utintelligamus
645 2474 799 2527 exercitum.
844 2492 899 2528 nou
916 2476 1029 2546 amplius
1050 2476 1093 2529 vel
1111 2476 1192 2547 sugit,
1211 2478 1253 2531 vel
1273 2480 1352 2550 plene

291 2558 384 2631 Neque
403 2556 475 2607 enim
494 2557 615 2607 classicum
631 2559 737 2616 canitur,
756 2554 800 2606 vel
841 2555 931 2625 jacuit.

290 2642 357 2688 canit
368 2634 446 2699 adeo,
457 2634 563 2687 nisiubi
572 2634 681 2686 collects
690 2633 799 2705 est—alas·
884 2634 950 2687 Sto.
966 2636 1072 2697 Lariw,
1089 2636 1161 2689 lacus
1176 2636 1205 2688 in
1219 2639 1350 2711 Transpa-

213 2706 219 2717 ”
291 2722 341 2779 sis,
358 2716 411 2767 hoc
424 2726 478 2777 est,
492 2714 683 2768 exercitus.—
700 2714 799 2765 uum
843 2710 1350 2789 danaGcllia,hodieComeusis(lago

291 2797 371 2848 robur.
382 2793 492 2847 Stilicho
499 2812 562 2845 cum
571 2792 799 2863 paucisRhteticas
842 2793 870 2845 di
883 2786 976 2862 Come)
990 2794 1070 2848 Plinii
1085 2796 1199 2865 junioris
1215 2797 1301 2862 villis,
1323 2812 1350 2851 et

291 2875 370 2946 Alpes
380 2873 498 2937 transiit3
510 2872 574 2925 binc
585 2873 638 2924 cito
649 2870 730 2924 rediit
738 2890 799 2924 cum
842 2874 1064 2943 possessionibus,
1074 2889 1101 2927 et
1107 2874 1232 2929 laudibus
1238 2878 1349 2943 nobilis,

291 2956 365 3007 lectis
379 2954 477 3025 copiis,
494 2965 520 3005 et
536 2954 647 3004 Romam
663 2964 690 3004 et
706 2950 798 3003 Bono·
842 2952 890 3024 qui
900 2954 977 3005 illum
991 2973 1068 3007 suum
1082 2972 1177 3007 vocare
1188 2956 1271 3021 solet,
1284 2976 1309 3009 v.
1321 2976 1347 3028 g.

289 3038 360 3088 rium
373 3035 479 3103 ipsum,
493 3033 526 3083 ah
536 3032 656 3085 hostibus
667 3032 741 3103 quasi
753 3032 800 3084 ob-
843 3034 884 3099 11,
896 3036 923 3097 8,
936 3051 960 3086 t.
971 3033 1022 3087 Hic
1030 3035 1126 3100 Neres,
1137 3034 1165 3087 h.
1174 3054 1200 3090 e.
1208 3054 1283 3089 mure
1292 3038 1349 3090 imi·

290 3132 406 3179 sessum,
420 3113 587 3164 libersturus.
759 3171 763 3185 ¹
819 3114 1017 3183 taturjluctu,
1035 3112 1127 3179 undis,
1142 3113 1286 3179 seddulci,
1300 3119 1348 3171 ita-

333 3193 398 3247 ³15.
410 3192 541 3261 Migrantis
551 3190 631 3242 aula:
646 3189 797 3257 Honorius,
842 3210 894 3262 que
907 3196 1033 3256 mentitur,
1048 3194 1169 3259 simulat,
1182 3213 1238 3247 non
1253 3211 1301 3250 est.

291 3274 338 3347 qui
354 3288 412 3325 turn
427 3273 559 3323 Raveunm
574 3282 641 3335 erut,
659 3288 719 3323 cum
734 3288 798 3341 pro·
883 3272 1347 3347 321.0cius.·aliiscribuntocyunh

221 3415 227 3431 Ι
292 3354 398 3407 ceribus
408 3350 498 3403 aulicis
511 3350 587 3403 ltalia
601 3348 736 3401 discedere
750 3370 796 3421 pa·
842 3353 914 3417 ὠκὺς,
922 3352 1012 3417 velox;
1021 3352 1066 3405 alii
1073 3356 1347 3425 octusaoomparatiro

289 3434 377 3497 rabat,
390 3431 441 3483 nisi
451 3427 593 3483 obstitisset
605 3429 725 3481 Stilicho.
840 3435 917 3484 ὠκίων
929 3432 1062 3498 velocior,
1077 3433 1168 3486 ocium*

333 3514 398 3567 316.
409 3510 519 3561 Tenebris
523 3506 729 3580 pulsis:Stilicbo
735 3508 797 3562 solis
881 3510 946 3565 323,
960 3512 1007 3564 utu
1015 3532 1121 3565 memor:
1133 3525 1218 3565 tantus
1229 3525 1284 3565 erat
1293 3514 1347 3566 vir·

289 3594 371 3647 instar
392 3590 521 3649 removit,
548 3588 653 3659 pepulit
676 3589 808 3651 tenebras·
840 3591 904 3644 tutis
918 3590 1012 3655 ardor,
1028 3605 1056 3645 et
1072 3590 1211 3663 eripiendas
1227 3590 1346 3647 cladibus

288 3672 468 3745 periculorum
481 3666 715 3721 circumstantium.
839 3672 929 3725 listis,
942 3672 1044 3743 Nempe
1056 3672 1254 3743 magnanimitas
1265 3686 1293 3725 et
1303 3672 1347 3726 de·

329 3752 392 3804 318.
408 3750 546 3819 Augrtstum
561 3767 570 3799 .·
587 3747 703 3818 populus
718 3744 796 3801 desiit
839 3749 1346 3823 sideriumpatriuliberauduefficiuut,

280 3825 797 3903 timere,quumvidit1mperatoreruHo-
840 3842 871 3883 ut
889 3850 945 3884 nou
969 3832 1050 3885 etiam
1066 3831 1175 3885 Stilicho
1195 3832 1347 3886 meminerit

285 3910 393 3963 noriuru
408 3926 495 3962 secum
509 3924 646 3960 remanere
659 3906 687 3959 in
702 3906 794 3960 eadem
839 3909 1008 3981 hiememque
1026 3914 1151 3983 nivesque
1168 3912 1356 3971 soerbissimas.

285 3988 360 4053 navi,
371 3987 399 4039 in
406 3986 499 4039 sudem
511 3986 643 4058 periculo,
653 4005 794 4059 quumque
837 4006 902 4042 esse.

282 4066 416 4147 spectabat
434 4076 464 4117 ut
480 4064 599 4121 obsidem
616 4085 631 4121 u
646 4066 793 4121 Stilichone
878 4068 942 4121 326.
957 4070 1058 4123 Fttricle
1068 4090 1118 4143 pro
1129 4071 1255 4127 adverbio
1267 4071 1344 4143 poui-
