3034 4900
567 465 835 534 EPISTOLA
868 465 895 531 1.
1188 465 1262 538 303

196 605 298 672 Hunc
316 601 423 668 virtus
443 611 500 665 tua
521 594 621 691 digna
641 595 757 690 sequi:
777 619 1018 692 quemcumque
1035 600 1184 668 Deorum

198 708 379 792 Ladmus,
393 701 529 773 insultet
543 700 676 798 jugulo,
697 716 877 796 pascatque
895 702 1051 772 furorem.

251 814 368 883 Gratia
385 810 551 893 dillluxit3
570 811 719 903 sequitur
736 807 845 878 feralis
866 824 994 904 egestas
1010 836 1020 896 ;

197 919 356 990 Desolata
374 917 517 1004 domus3
539 917 624 985 caris
642 911 822 1009 spoliamur
842 917 975 985 amicis:

197 1029 299 1094 llunc
316 1035 483 1094 tormenta
502 1035 622 1090 necant
638 1047 649 1109 3
670 1022 726 1089 hic
746 1019 892 1116 undique
911 1023 1056 1092 truditur
1075 1024 1175 1094 exsul.
1241 1061 1267 1098 ,ε

199 1131 291 1220 Quid
308 1143 457 1226 superest
473 1125 626 1197 damnis?
641 1152 714 1222 quae
734 1151 821 1196 saeua
841 1129 989 1223 pericula
1010 1129 1156 1200 restant?

251 1236 387 1306 Emollit
407 1235 533 1304 rabiem
551 1233 670 1328 praedae
688 1235 868 1330 mortisque
888 1235 1043 1306 facultas:

198 1345 403 1412 Praetereunt
421 1341 569 1434 subjecta
589 1339 683 1428 ferae,
700 1341 852 1434 torvique
870 1339 1000 1430 leones,

199 1451 284 1539 Quae
300 1449 453 1518 stravisse
471 1445 596 1532 calent,
613 1446 730 1516 eadem
751 1461 916 1539 prostrata
935 1445 1140 1544 relinquunt:

198 1557 270 1626 Nec
288 1557 350 1625 nisi
368 1552 519 1624 bellantis
540 1552 663 1649 gaudet
680 1553 809 1622 cervice
825 1552 958 1646 juvenci
1238 1588 1263 1625 ³0

199 1661 370 1732 Nobiliore
388 1660 502 1730 fames.
528 1661 641 1728 Secuit
661 1659 829 1728 nascentia
849 1659 917 1728 fata

200 1770 318 1857 Livor,
335 1783 371 1837 et
390 1769 518 1862 ingesto
535 1764 682 1835 turbavit
698 1765 818 1860 gaudia
835 1765 936 1836 luctu.

201 1973 283 2030 diani.
297 1975 369 2027 Hinc
383 1990 410 2024 v.
436 1971 487 2036 55,
501 1989 621 2022 commeare
636 1970 715 2036 solun,
755 1969 854 2040 placet,
870 1983 900 2023 ut
911 1972 1074 2043 exprimatur
1082 1972 1127 2027 illa
1137 1973 1266 2048 dispersio

201 2057 311 2107 Pharos:
324 2053 450 2106 ctPlsarii
464 2050 574 2102 nomine
590 2047 711 2120 designa·
756 2063 784 2102 et
807 2046 943 2120 dissipatio
966 2051 1131 2119 amicorum,
1154 2053 1188 2109 de
1214 2079 1267 2130 qua

200 2148 244 2186 rat
254 2133 417 2186 Hadrianum
426 2171 434 2196 ‚
443 2149 472 2183 n.
486 2133 532 2184 80.
755 2127 822 2180 Hor.
835 2130 923 2182 Canu.
934 2131 967 2198 1,
981 2151 1062 2198 xxxv,
1078 2138 1132 2186 26:
1148 2162 1159 2182 ι
1176 2138 1265 2190 ninu-

245 2215 321 2267 at.ln
329 2215 398 2265 Deos
406 2230 434 2263 se
444 2210 513 2262 nibil
523 2225 644 2281 peccasse
650 2226 713 2261 con·
755 2209 833 2278 giam
839 2207 910 2262 cadis
915 2211 983 2263 Cum
989 2212 1050 2264 loce
1055 2212 1157 2266 siccatis
1164 2217 1266 2271 amici.»

202 2294 309 2346 firmat:
321 2291 374 2345 nisi
384 2305 471 2344 tamen
483 2291 627 2360 Angustam
639 2288 722 2340 fami-³
756 2288 859 2360 Nempe
874 2294 963 2359 gratioe
979 2293 1090 2344 nomine
1109 2294 1267 2368 intelligitur

205 2373 267 2425 liam
289 2371 429 2442 intelligit,
450 2370 479 2422 in
501 2385 582 2440 quam
603 2367 713 2440 proprie
755 2367 900 2422 multitudo
918 2369 1057 2424 hominum
1072 2373 1140 2426 bene
1156 2379 1265 2450 cupien-

204 2452 336 2509 oemmitti
364 2451 505 2522 majestatis
532 2450 656 2514 crimen,
681 2450 711 2501 in
754 2448 844 2514 tium,
859 2468 938 2521 quam
953 2454 1001 2523 qui
1021 2453 1120 2507 babent
1139 2455 1266 2512 dicuntur

204 2553 257 2605 qua
271 2532 332 2587 ledi
345 2535 466 2603 majestas
476 2530 573 2602 potuit.
753 2531 1268 2607 gmtiosi.-Ferulise5estas,quamom.

244 2614 291 2667 ¹3.
302 2614 439 2665 Miser-iam
447 2609 583 2673 describit,
592 2609 621 2659 in
631 2625 712 2680 quarn
754 2626 802 2660 nes
813 2608 931 2680 fugiunt,
941 2624 973 2663 ut
989 2611 1115 2683 quiddam
1132 2616 1266 2672 funestum

201 2692 330 2746 Hadriani
339 2694 427 2764 ipsum
437 2689 657 2759 irseooujecerint.
665 2687 713 2739 Vi·
755 2701 782 2741 et
794 2689 890 2754 ferale,
900 2691 983 2743 instar
993 2691 1136 2748 cadaveris.

201 2771 377 2826 deturantem
388 2772 489 2823 crimen
501 2768 642 2839 majestatis
652 2786 713 2820 con·
788 2768 904 2838 27.Vult
911 2770 939 2821 in
949 2770 1080 2843 pudorem
1087 2773 1151 2828 dare
1158 2776 1268 2831 Hadria·

202 2853 295 2907 {latum
310 2852 476 2915 Claudiorum
489 2850 587 2921 arrepti
600 2847 712 2901 familia·
754 2866 821 2901 nuru
830 2886 838 2913 ,
846 2866 880 2901 ne
889 2850 1022 2904 crudelior
1029 2870 1084 2906 esse
1092 2855 1156 2909 velit
1166 2858 1265 2912 bestiis.

201 2952 245 2986 res
252 2944 280 2986 et
289 2932 380 2985 amici.
391 2930 510 2983 Pomisse
518 2946 548 2981 ea
557 2940 713 3001 tempestate
757 2926 866 2999 Corpora
876 2935 1028 3000 magnanimo
1037 2938 1097 2985 satis
1106 2948 1266 3006 srtprostrus-

202 3014 306 3065 crimen
315 3013 368 3064 boc
375 3010 446 3063 nasci
457 3030 488 3062 ex
498 3008 712 3061 ofsensioneMa·
755 3027 781 3058 se
798 3008 870 3063 leam.
884 3008 972 3063 Credo
987 3012 1039 3065 hoc
1057 3015 1173 3080 Nasoni,
1184 3018 1266 3072 Trist.

202 3092 278 3162 gistri
300 3090 477 3153 Offieiornm‚
497 3089 647 3141 luculenter
665 3105 712 3159 ap·
756 3088 814 3153 111,
829 3106 863 3152 v,
879 3088 935 3155 33,
951 3088 1003 3143 nisi
1023 3094 1065 3145 leo
1086 3095 1190 3148 esuriat.
1207 3098 1264 3150 Cae·

203 3184 279 3242 paret
298 3190 331 3225 ex
355 3168 545 3223 constitutione
565 3165 673 3220 Arcadii
686 3180 713 3219 et
756 3179 845 3219 terum
857 3168 892 3222 ita
906 3168 1025 3223 ordinari
1036 3187 1148 3243 possunt
1158 3194 1208 3245 pro
1220 3196 1265 3228 no·

204 3252 337 3317 Honorii‚
357 3268 415 3321 quse
440 3248 552 3302 babetur
572 3248 590 3299 l.
611 3248 654 3299 111
678 3247 711 3300 C.
755 3258 817 3299 strae
840 3248 937 3320 lingua
959 3251 1065 3321 ingenio
1089 3255 1267 3328 explicarique

203 3330 307 3384 Theod.
326 3329 361 3383 ad
372 3332 404 3383 L.
419 3330 502 3383 Corn.
514 3327 549 3380 de
566 3326 673 3380 Sicaniis
686 3338 713 3379 et
755 3326 978 3382 verba:Facultas
988 3330 1084 3401 praedae
1091 3333 1267 3404 possidenda,

204 3407 358 3465 doctissimo
379 3408 413 3462 ad
437 3427 496 3461 mm
521 3406 713 3461 commentario
757 3417 783 3459 et
806 3406 951 3461 inserendae
969 3412 1078 3476 mortis,
1101 3416 1204 3467 emollit
1224 3434 1266 3468 ra·

204 3490 261 3544 Jac.
274 3483 715 3560 Gomofndtpmertimswl,
755 3485 829 3537 hiem
861 3506 906 3541 seu
937 3490 1067 3545 rabiosam
1093 3492 1265 3565 cupiditatem

204 3588 233 3641 p.
245 3577 292 3635 104
301 3608 310 3635 ‚
318 3569 352 3623 ad
358 3570 438 3621 verba
444 3567 522 3639 legis,
531 3563 713 3636 «Quisquis...
756 3566 894 3637 utriusque
906 3570 954 3621 rei.
970 3569 1091 3625 Additur
1102 3574 1245 3643 ὶπιξήγησις
1257 3614 1264 3638 ,

204 3650 338 3703 scelestam
349 3650 439 3701 inierit
451 3648 591 3700 factionem
594 3684 666 3699 .....
679 3644 713 3697 de
757 3646 921 3709 Praetereunt,
940 3661 990 3702 etc.

204 3730 377 3795 satellitibus,
388 3726 500 3781 consciis
509 3745 538 3779 ac
548 3725 675 3777 ministris
689 3752 712 3777 ι.
799 3724 845 3778 3ι.
861 3727 990 3779 Nascentis
999 3731 1058 3795 satu
1071 3769 1079 3794 ‚
1094 3732 1266 3801 incipientem

206 3810 280 3861 Dixit
287 3808 407 3873 delator,
417 3834 429 3855 a
444 3802 624 3859 Acerbeludit
633 3805 714 3857 Poeta
756 3804 909 3859 felicitatem
918 3824 932 3857 a
942 3809 1025 3879 gratia
1035 3808 1178 3875 Hadriani,
1192 3824 1267 3865 antea

205 3888 235 3939 in
246 3889 400 3959 Magistrum
415 3886 575 3953 officiorum
590 3886 660 3937 iuter
671 3904 714 3937 so·
756 3886 879 3957 patroni,
891 3886 1047 3955 significant.

204 3966 278 4020 dales
291 3986 298 4021 ε
311 3988 375 4041 ergo
387 3966 537 4037 conjuravit
550 3982 611 4017 cum
624 3964 676 4016 illis
690 3990 714 4016 υ.
801 3966 844 4018 32.
860 3967 948 4027 ttror,·
968 3966 1076 4021 invidie
1091 3982 1130 4021 est
1143 3988 1268 4042 rumpere

205 4046 275 4100 Sunt
288 4048 332 4101 bic
340 4089 349 4114 ‚
364 4048 417 4101 nisi
429 4047 522 4108 fallor,
533 4044 622 4097 omnia
635 4044 716 4115 hujus
759 4044 804 4096 fila
819 4041 952 4097 nas'centia
965 4046 1042 4109 vitre,
1057 4067 1104 4101 scu
1117 4050 1163 4103 sati
1176 4052 1268 4102 melio·

204 4129 243 4178 rei
262 4128 448 4198 phaenomena.
461 4125 592 4179 Craterum
609 4124 718 4193 ds'fflurit
760 4124 797 4177 ris
819 4122 956 4194 enjusdam
975 4128 1078 4195 juvenis
1095 4146 1101 4180 τ
1118 4142 1144 4181 et
1161 4130 1268 4183 fortitu·
