3034 4900
342 476 409 544 DE
436 474 610 543 RAPTIJ
638 475 887 544 PROSERP.
916 473 1010 543 LIB.
1038 474 1113 542 111.
1198 473 1272 568 259

210 611 253 680 Se
272 605 351 680 licet
369 603 424 676 ille
446 593 522 676 meo
543 621 740 702 conceptum
763 610 886 678 vertice
903 607 1024 700 jactet,

209 717 335 786 Sentiet
349 715 466 786 iratam
485 712 603 808 procul
619 713 743 809 aegida,
765 716 882 784 sentiet
899 715 1002 784 ictum
1249 743 1274 780 ο,

209 820 388 907 Fulminis,
404 833 438 890 et
457 821 604 914 genitum
622 820 734 890 divina
752 836 842 890 sorte
860 819 1002 916 pigebit,

210 928 415 1022 Optabitque
435 928 521 996 mori
543 940 649 996 :tunc
669 926 806 997 vulnere
826 925 1000 1021 languidus
1016 926 1079 1020 ipsi

209 1034 372 1103 Tradetur
392 1058 533 1126 genero,
550 1057 706 1127 passurus
723 1034 854 1129 prodita
872 1057 993 1127 regna,

211 1141 257 1209 Et
277 1141 359 1210 sciet
382 1163 425 1208 an
445 1141 590 1236 propriae
610 1143 803 1235 conspirent
821 1142 959 1209 Tartara
980 1163 1096 1208 oausae.

211 1249 286 1316 Hoc
306 1260 486 1315 sanctum:
510 1269 668 1316 mansura
688 1247 794 1316 lluant
813 1247 879 1316 hoc
899 1245 1015 1315 ordine
1035 1244 1144 1316 sata.»
1253 1273 1279 1313 es

263 1352 373 1440 Dixit,
390 1365 424 1420 et
442 1351 612 1424 horrendo
633 1353 801 1424 concussit
817 1352 924 1422 sidera
945 1366 1048 1421 motu.

211 1460 255 1527 At
272 1455 390 1553 procul
406 1459 564 1528 armisoni
581 1461 738 1530 Cererem
757 1459 819 1529 snb
837 1459 974 1554 rupibus
992 1459 1082 1528 antri

210 1565 369 1634 Securam
388 1563 617 1660 placidamque
637 1564 694 1636 diu
712 1567 781 1659 jam
804 1580 893 1634 certa
914 1565 1039 1660 peracti

211 1671 396 1741 Terrebant
414 1667 589 1740 simulacra
611 1669 706 1759 muli,
729 1686 907 1765 noctesque
929 1673 1082 1740 timorem

211 1779 440 1872 Ingeminant,
453 1778 610 1871 omnique
627 1780 714 1873 perit
728 1780 926 1873 Proserpina
944 1801 1070 1848 somno.
1249 1823 1274 1862 ,ο

126 1945 133 1954 .
211 1885 365 1979 Namque
381 1883 483 1954 modo
500 1883 646 1954 adversis
663 1885 775 1956 invadi
790 1887 916 1954 viscera
935 1882 1024 1970 telis,

254 2075 301 2145 59.
311 2073 559 2128 merelatum.
566 2075 624 2130 Bas.
634 2075 719 2132 Plant.
765 2077 824 2148 quis
831 2115 839 2141 ,
846 2077 881 2129 ob
890 2076 981 2130 laeum
988 2075 1149 2141 carnificem,
1157 2075 1207 2148 ipsi
1217 2095 1275 2130 car·

214 2157 266 2208 itta.
283 2186 310 2208 ·.
325 2167 479 2226 .conceptam
492 2167 553 2207 ante
570 2154 662 2208 Heius.
681 2187 721 2200 -
765 2157 839 2208 nilici
851 2175 930 2228 quem
943 2155 1009 2209 lesit
1021 2155 1049 2207 in
1065 2156 1213 2208 cruciatum
1227 2155 1274 2210 de·

215 2235 348 2289 Muenna
363 2234 497 2306 designat,
513 2253 573 2306 qna
591 2237 722 2307 objecerat
766 2235 852 2289 datur.

216 2331 245 2366 ae
254 2313 372 2378 Plutoni,
385 2314 500 2380 XXXV,
514 2313 566 2368 205
580 2333 638 2386 sqq.
648 2313 721 2387 quod
806 2315 1057 2370 atanaricum.
1068 2315 1200 2368 sancitum
1208 2327 1273 2370 esto.

216 2405 305 2449 autem
326 2395 469 2449 masculino
487 2399 584 2467 genere
600 2395 723 2468 loquitur
766 2396 836 2451 llinc
855 2407 944 2449 sanctu
961 2397 1030 2467 leges
1045 2394 1187 2461 dicuntur,
1207 2415 1275 2468 pre·

215 2472 411 2528 dissimulando
424 2494 542 2546 personae
558 2494 632 2529 causa
649 2475 724 2531 aiunt
765 2478 857 2531 sertim
869 2476 904 2531 ob
918 2495 1022 2547 pornam
1036 2474 1179 2547 adjectam,
1195 2496 1274 2547 quum

215 2554 323 2608 samum.
340 2553 393 2607 Sed
410 2574 466 2607 non
486 2553 644 2622 disairnulo,
662 2566 724 2629 post
766 2570 867 2629 partem
886 2556 949 2627 legis
963 2558 1094 2627 poenalem
1112 2556 1274 2609 sanctionem

214 2633 407 2688 consideratam
417 2634 539 2687 lectionis
551 2634 722 2700 varietatem,
766 2638 908 2710 appellant.
922 2668 961 2679 -—
972 2636 1039 2689 Fata
1052 2636 1131 2689 etiam
1149 2636 1194 2687 bic
1211 2636 1274 2689 lovi

214 2715 282 2767 mihi
300 2712 406 2781 rideri,
421 2714 570 2767 Minervam
589 2714 634 2768 hic
654 2713 723 2769 desi·
767 2717 983 2789 subiicit3faturn
996 2728 1049 2781 est,
1061 2714 1193 2787 quidquid
1206 2716 1274 2769 satus

213 2793 290 2866 gnari
303 2806 428 2866 tanquam
439 2794 598 2848 carissimam
610 2833 617 2859 ,
627 2807 657 2847 ut
667 2794 724 2847 alie
767 2811 819 2859 est,
836 2798 957 2849 futurum
969 2796 1045 2865 jussit
1057 2795 1169 2867 Jupiter.

214 2886 243 2927 et
252 2873 299 2928 alii
309 2886 383 2927 tanto
394 2873 476 2945 magia
487 2885 724 2939 metuant3totum·
808 2880 853 2929 66.
867 2876 936 2929 Nutu
951 2874 1027 2928 MSS.
1043 2874 1108 2928 boui
1121 2894 1162 2945 ap.
1182 2874 1275 2927 Heint.

214 2973 268 3025 que
286 2954 378 3006 locum
396 2953 433 3007 ita
449 2951 678 3006 constituendum.
692 2954 725 3007 Se
767 2956 810 3010 cui
819 2958 905 3027 placet
913 2956 1171 3025 merito-Aperta
1180 2953 1274 3006 allusio

215 3034 274 3087 Ιὶοιι
283 3034 387 3085 illam
396 3046 530 3105 conceptam
537 3037 628 3087 vertice
632 3037 723 3104 juctet',
768 3034 802 3089 ed
812 3036 986 3088 Homericum
998 3035 1106 3099 Jorem,
1118 3034 1165 3104 qui
1178 3032 1224 3085 ubi
1234 3035 1277 3101 ju·

216 3114 657 3184 Smetrtmewnmfflmutnua
668 3116 728 3183 φ’·
768 3116 837 3169 ravit
851 3113 979 3181 Thetidi,
998 3122 1033 3168 n.
1056 3134 1084 3176 α,
1107 3118 1176 3177 tao,
1196 3114 1273 3183 μέγαν

217 3194 261 3257 de,
274 3212 355 3266 quarn
363 3210 423 3245 neo
435 3212 561 3247 concessu
569 3194 657 3246 habet.
665 3194 727 3245 Pro·
769 3196 867 3259 Ilbeita
876 3184 1007 3266 ὄλυμπον,
1018 3192 1093 3265 quod
1102 3189 1191 3245 reddit
1199 3192 1274 3261 Virg.

217 3276 259 3327 cul
265 3315 273 3338 ,
285 3275 396 3343 utloage
404 3273 443 3325 illl
452 3274 506 3324 Dea
514 3278 656 3338 metuerit,
665 3276 726 3326 AEn.
770 3280 830 3329 AEn.
842 3276 883 3339 X,
900 3275 970 3338 115,
983 3284 1041 3325 nutu
1051 3274 1180 3340 tnmeftcit
1191 3270 1277 3344 Olym·

217 3352 727 3423 XII,52.Caeterumlleinsianoe,quam
766 3374 859 3429 pum.¹
1321 3365 1325 3372 '

217 3432 728 3497 retinuimm,lectionisbaeosententia,
811 3437 844 3504 67
866 3436 1018 3487 almisonum
1039 3445 1150 3497 antrum,
1168 3443 1278 3503 propter

219 3512 312 3567 Smtiet
333 3516 421 3565 trusam
443 3512 526 3583 aprile
551 3530 625 3564 meam
649 3513 728 3565 etiam
771 3514 885 3567 furiosos
900 3513 1026 3567 tumultur
1040 3512 1278 3580 Curetum,Cory-

216 3594 304 3663 procul
313 3613 335 3647 a.
346 3611 363 3645 e
373 3592 519 3663 longidquo
532 3592 688 3645 terribilem.
772 3594 892 3647 bantnm.
905 3592 969 3645 Vid.
979 3594 1117 3655 XXXIII,
1136 3608 1197 3658 ²⁰9·

260 3670 728 3743 60.1mm,proculae3·ideexttss.
814 3692 859 3743 7¹·
872 3674 992 3726 Somniat
1004 3672 1083 3727 Cerea
1095 3690 1126 3723 ex
1141 3667 1279 3738 disciplina

219 3754 323 3807 volebat
334 3753 428 3805 Heius.
773 3754 966 3807 oneirocritica.
980 3749 1108 3805 Artemid.
1123 3752 1154 3813 1,
1176 3753 1231 3812 46,
1251 3768 1278 3819 p.

261 3833 306 3886 63.
323 3834 384 3885 Pati
394 3832 495 3902 prodita
509 3850 585 3901 regua
596 3844 635 3884 est
652 3832 730 3883 suati-
776 3840 810 3896 40
828 3852 868 3903 pr.
887 3831 995 3903 καὶγὰρ
1011 3832 1031 3882 οἱ
1047 3826 1136 3889 παῖδες
1150 3828 1281 3897 σπλάγχνα

220 3930 285 3965 neae
296 3930 405 3984 ponam
416 3911 493 3983 regni
507 3909 624 3982 proditi:
638 3915 730 3981 conspi-
773 3915 893 3982 λέγονται.
916 3912 1000 3965 Etiam
1024 3908 1058 3961 de
1078 3908 1193 3961 vestibus
1208 3906 1281 3959 idem

222 4004 374 4047 menatem
395 3992 594 4061 Tartaracausoe
609 3994 731 4060 pmprioe,
775 3991 865 4057 11‚3,
885 4012 912 4063 p.
935 3992 970 4053 84
993 4008 1033 4061 pr.
1056 3990 1121 4041 tarn
1143 3990 1158 4045 ἡ
1179 3990 1281 4057 μέλαινα

221 4089 303 4142 quun
331 4072 462 4127 traditum
491 4070 542 4124 sibi
566 4068 732 4141 proditorem
776 4072 828 4131 tet,
844 4074 907 4125 rior
923 4070 1024 4139 πονηρά.
1039 4069 1159 4140 Denique
1173 4069 1217 4129 11,
1231 4064 1282 4125 25,

221 4152 461 4225 sunmeogravius
473 4150 733 4214 ulciscuntur,utsi
778 4170 805 4222 p.
826 4149 1193 4219 rrirned.orni,qutesuut
1210 4145 1285 4199 ailrc·
1397 4184 1403 4209 ,

1042 4254 1105 4352 17²
