<?xml version="1.0" encoding="UTF-8"?>
<!DOCTYPE html PUBLIC "-//W3C//DTD XHTML 1.0 Transitional//EN"
    "http://www.w3.org/TR/xhtml1/DTD/xhtml1-transitional.dtd">
<html xmlns="http://www.w3.org/1999/xhtml" xml:lang="en" lang="en">
 <head>
  <title>
</title>
<meta http-equiv="Content-Type" content="text/html;charset=utf-8" />
  <meta name='ocr-system' content='tesseract 3.04.00' />
  <meta name='ocr-capabilities' content='ocr_page ocr_carea ocr_par ocr_line ocrx_word'/>
</head>
<body>
  <div class='ocr_page' id='page_1' title='image "./claudiiclaudian01artagoog_0322.png"; bbox 0 0 3034 4900; ppageno 0'>
   <div class='ocr_carea' id='block_1_1' title="bbox 242 506 1066 583">
    <p class='ocr_par' dir='ltr' id='par_1_1' title="bbox 242 506 1066 583">
     <span class='ocr_line' id='line_1_1' title="bbox 242 506 1066 583; baseline -0.006 0"><span class='ocrx_word' id='word_1_1' title='bbox 242 506 246 512; x_wconf 66' lang='grc'>’</span> <span class='ocrx_word' id='word_1_2' title='bbox 281 512 356 583; x_wconf 81' lang='lat'>308</span> <span class='ocrx_word' id='word_1_3' title='bbox 555 512 629 580; x_wconf 90' lang='lat' dir='ltr'>CL.</span> <span class='ocrx_word' id='word_1_4' title='bbox 658 509 960 580; x_wconf 81' lang='lat' dir='ltr'>CLAUDIANI</span> <span class='ocrx_word' id='word_1_5' title='bbox 988 512 1066 579; x_wconf 86' lang='lat' dir='ltr'>XL.</span> 
     </span>
    </p>
   </div>
   <div class='ocr_carea' id='block_1_2' title="bbox 271 641 1339 1907">
    <p class='ocr_par' dir='ltr' id='par_1_2' title="bbox 271 641 1339 1907">
     <span class='ocr_line' id='line_1_2' title="bbox 330 641 1205 738; baseline -0.001 -25"><span class='ocrx_word' id='word_1_6' title='bbox 330 647 487 738; x_wconf 84' lang='lat' dir='ltr'>Ruraque</span> <span class='ocrx_word' id='word_1_7' title='bbox 506 641 688 737; x_wconf 83' lang='lat' dir='ltr'>compleret</span> <span class='ocrx_word' id='word_1_8' title='bbox 701 643 843 712; x_wconf 88' lang='lat' dir='ltr'>Thracia</span> <span class='ocrx_word' id='word_1_9' title='bbox 860 643 961 712; x_wconf 89' lang='lat' dir='ltr'>festus</span> <span class='ocrx_word' id='word_1_10' title='bbox 979 647 1128 738; x_wconf 90' lang='lat' dir='ltr'>Hymen;</span> <span class='ocrx_word' id='word_1_11' title='bbox 1199 680 1205 699; x_wconf 57' lang='lat' dir='ltr'>x</span> 
     </span>
     <span class='ocr_line' id='line_1_3' title="bbox 277 748 1013 844; baseline -0.004 -22"><span class='ocrx_word' id='word_1_12' title='bbox 277 756 458 823; x_wconf 78' lang='lat' dir='ltr'><strong>Certavere</strong></span> <span class='ocrx_word' id='word_1_13' title='bbox 477 749 572 835; x_wconf 83' lang='lat' dir='ltr'>lerae,</span> <span class='ocrx_word' id='word_1_14' title='bbox 591 752 828 844; x_wconf 77' lang='lat' dir='ltr'>picturataeque</span> <span class='ocrx_word' id='word_1_15' title='bbox 846 748 1013 838; x_wconf 88' lang='lat' dir='ltr'>volucres,</span> 
     </span>
     <span class='ocr_line' id='line_1_4' title="bbox 330 855 973 950; baseline -0.005 -23"><span class='ocrx_word' id='word_1_16' title='bbox 330 860 429 927; x_wconf 87' lang='lat' dir='ltr'>Dona</span> <span class='ocrx_word' id='word_1_17' title='bbox 445 879 509 926; x_wconf 93' lang='lat' dir='ltr'>suo</span> <span class='ocrx_word' id='word_1_18' title='bbox 528 859 597 924; x_wconf 86' lang='lat' dir='ltr'>vati</span> <span class='ocrx_word' id='word_1_19' title='bbox 611 879 684 950; x_wconf 84' lang='lat' dir='ltr'>quae</span> <span class='ocrx_word' id='word_1_20' title='bbox 700 857 829 948; x_wconf 85' lang='lat' dir='ltr'>potiora</span> <span class='ocrx_word' id='word_1_21' title='bbox 848 855 973 925; x_wconf 86' lang='lat' dir='ltr'>darent.</span> 
     </span>
     <span class='ocr_line' id='line_1_5' title="bbox 278 963 1339 1060; baseline -0.001 -27"><span class='ocrx_word' id='word_1_22' title='bbox 278 966 415 1060; x_wconf 83' lang='lat' dir='ltr'>Quippe</span> <span class='ocrx_word' id='word_1_23' title='bbox 433 963 520 1031; x_wconf 80' lang='lat' dir='ltr'>antri</span> <span class='ocrx_word' id='word_1_24' title='bbox 541 986 723 1047; x_wconf 82' lang='lat' dir='ltr'><strong>memores,</strong></span> <span class='ocrx_word' id='word_1_25' title='bbox 739 977 850 1030; x_wconf 86' lang='lat' dir='ltr'>cautes</span> <span class='ocrx_word' id='word_1_26' title='bbox 873 963 930 1030; x_wconf 92' lang='lat' dir='ltr'>ubi</span> <span class='ocrx_word' id='word_1_27' title='bbox 950 987 1036 1058; x_wconf 87' lang='lat' dir='ltr'>saepe</span> <span class='ocrx_word' id='word_1_28' title='bbox 1054 984 1181 1033; x_wconf 73' lang='lat' dir='ltr'>sonorae&#39;</span> <span class='ocrx_word' id='word_1_29' title='bbox 1328 996 1339 1032; x_wconf 78' lang='lat' dir='ltr'>s</span> 
     </span>
     <span class='ocr_line' id='line_1_6' title="bbox 330 1066 1021 1163; baseline -0.003 -23"><span class='ocrx_word' id='word_1_30' title='bbox 330 1071 544 1140; x_wconf 77' lang='lat' dir='ltr'>Praebuerant</span> <span class='ocrx_word' id='word_1_31' title='bbox 563 1066 651 1136; x_wconf 92' lang='lat' dir='ltr'>dulci</span> <span class='ocrx_word' id='word_1_32' title='bbox 674 1069 756 1135; x_wconf 90' lang='lat' dir='ltr'>mira</span> <span class='ocrx_word' id='word_1_33' title='bbox 777 1068 905 1137; x_wconf 80' lang='lat' dir='ltr'>theatra</span> <span class='ocrx_word' id='word_1_34' title='bbox 928 1068 1021 1163; x_wconf 72' lang='lat' dir='ltr'>lyrre,</span> 
     </span>
     <span class='ocr_line' id='line_1_7' title="bbox 278 1172 1107 1269; baseline 0 -23"><span class='ocrx_word' id='word_1_35' title='bbox 278 1180 448 1246; x_wconf 90' lang='lat' dir='ltr'>Caucaseo</span> <span class='ocrx_word' id='word_1_36' title='bbox 470 1172 622 1268; x_wconf 81' lang='lat' dir='ltr'>crystalla</span> <span class='ocrx_word' id='word_1_37' title='bbox 644 1174 754 1243; x_wconf 84' lang='lat' dir='ltr'>ferunt</span> <span class='ocrx_word' id='word_1_38' title='bbox 776 1173 817 1243; x_wconf 89' lang='lat' dir='ltr'>dc</span> <span class='ocrx_word' id='word_1_39' title='bbox 837 1176 960 1244; x_wconf 87' lang='lat' dir='ltr'>vertice</span> <span class='ocrx_word' id='word_1_40' title='bbox 979 1174 1107 1269; x_wconf 74' lang='lat' dir='ltr'>lynceS,</span> 
     </span>
     <span class='ocr_line' id='line_1_8' title="bbox 332 1280 1068 1376; baseline -0.003 -24"><span class='ocrx_word' id='word_1_41' title='bbox 332 1282 485 1376; x_wconf 89' lang='lat' dir='ltr'>Grypbes</span> <span class='ocrx_word' id='word_1_42' title='bbox 501 1281 709 1375; x_wconf 84' lang='lat' dir='ltr'>Hyperborei</span> <span class='ocrx_word' id='word_1_43' title='bbox 727 1280 874 1375; x_wconf 88' lang='lat' dir='ltr'>pondera</span> <span class='ocrx_word' id='word_1_44' title='bbox 893 1280 983 1350; x_wconf 85' lang='lat' dir='ltr'>fulva</span> <span class='ocrx_word' id='word_1_45' title='bbox 999 1280 1068 1350; x_wconf 93' lang='lat' dir='ltr'>soli.</span> 
     </span>
     <span class='ocr_line' id='line_1_9' title="bbox 278 1387 1051 1482; baseline -0.001 -25"><span class='ocrx_word' id='word_1_46' title='bbox 278 1393 407 1457; x_wconf 84' lang='lat' dir='ltr'>Furatae</span> <span class='ocrx_word' id='word_1_47' title='bbox 425 1388 564 1456; x_wconf 89' lang='lat' dir='ltr'>Veneris</span> <span class='ocrx_word' id='word_1_48' title='bbox 581 1400 677 1481; x_wconf 84' lang='lat' dir='ltr'>prato</span> <span class='ocrx_word' id='word_1_49' title='bbox 693 1411 756 1482; x_wconf 90' lang='lat' dir='ltr'>per</span> <span class='ocrx_word' id='word_1_50' title='bbox 774 1387 870 1454; x_wconf 85' lang='lat' dir='ltr'>inane</span> <span class='ocrx_word' id='word_1_51' title='bbox 890 1387 1051 1456; x_wconf 83' lang='lat' dir='ltr'>columbae</span> 
     </span>
     <span class='ocr_line' id='line_1_10' title="bbox 331 1491 957 1563; baseline -0.002 -1"><span class='ocrx_word' id='word_1_52' title='bbox 331 1494 447 1563; x_wconf 86' lang='lat' dir='ltr'>Florea</span> <span class='ocrx_word' id='word_1_53' title='bbox 463 1495 620 1563; x_wconf 83' lang='lat' dir='ltr'>connexis</span> <span class='ocrx_word' id='word_1_54' title='bbox 634 1507 722 1562; x_wconf 90' lang='lat' dir='ltr'>serta</span> <span class='ocrx_word' id='word_1_55' title='bbox 737 1491 842 1561; x_wconf 90' lang='lat' dir='ltr'>tulere</span> <span class='ocrx_word' id='word_1_56' title='bbox 858 1495 957 1562; x_wconf 89' lang='lat' dir='ltr'>rosis:</span> 
     </span>
     <span class='ocr_line' id='line_1_11' title="bbox 277 1597 1057 1695; baseline -0.003 -25"><span class='ocrx_word' id='word_1_57' title='bbox 277 1605 459 1695; x_wconf 76' lang='lat' dir='ltr'>Fractaque</span> <span class='ocrx_word' id='word_1_58' title='bbox 477 1599 637 1668; x_wconf 88' lang='lat' dir='ltr'>nobilium</span> <span class='ocrx_word' id='word_1_59' title='bbox 655 1601 755 1670; x_wconf 84' lang='lat' dir='ltr'>ramis</span> <span class='ocrx_word' id='word_1_60' title='bbox 770 1597 891 1667; x_wconf 86' lang='lat' dir='ltr'>electra</span> <span class='ocrx_word' id='word_1_61' title='bbox 908 1623 1057 1668; x_wconf 87' lang='lat' dir='ltr'>sororum</span> 
     </span>
     <span class='ocr_line' id='line_1_12' title="bbox 329 1705 1022 1801; baseline -0.006 -25"><span class='ocrx_word' id='word_1_62' title='bbox 329 1710 463 1801; x_wconf 84' lang='lat' dir='ltr'>Cycnus</span> <span class='ocrx_word' id='word_1_63' title='bbox 481 1705 625 1774; x_wconf 80' lang='lat' dir='ltr'>oloriferi</span> <span class='ocrx_word' id='word_1_64' title='bbox 642 1706 732 1774; x_wconf 86' lang='lat' dir='ltr'>vexit</span> <span class='ocrx_word' id='word_1_65' title='bbox 746 1705 789 1772; x_wconf 88' lang='lat' dir='ltr'>ab</span> <span class='ocrx_word' id='word_1_66' title='bbox 804 1729 902 1773; x_wconf 90' lang='lat' dir='ltr'>amne</span> <span class='ocrx_word' id='word_1_67' title='bbox 917 1705 996 1774; x_wconf 88' lang='lat' dir='ltr'>Padi</span> <span class='ocrx_word' id='word_1_68' title='bbox 1012 1733 1022 1788; x_wconf 90' lang='lat'>;</span> 
     </span>
     <span class='ocr_line' id='line_1_13' title="bbox 271 1801 1064 1907; baseline -0.003 -25"><span class='ocrx_word' id='word_1_69' title='bbox 271 1801 321 1882; x_wconf 75' lang='lat' dir='ltr'>&#39;Et</span> <span class='ocrx_word' id='word_1_70' title='bbox 338 1812 416 1884; x_wconf 87' lang='lat' dir='ltr'>Nilo</span> <span class='ocrx_word' id='word_1_71' title='bbox 433 1816 586 1906; x_wconf 80' lang='lat' dir='ltr'>Pygmaea</span> <span class='ocrx_word' id='word_1_72' title='bbox 602 1835 699 1907; x_wconf 84' lang='lat' dir='ltr'>grues</span> <span class='ocrx_word' id='word_1_73' title='bbox 716 1825 792 1904; x_wconf 89' lang='lat' dir='ltr'>post</span> <span class='ocrx_word' id='word_1_74' title='bbox 808 1809 894 1880; x_wconf 90' lang='lat' dir='ltr'>bella</span> <span class='ocrx_word' id='word_1_75' title='bbox 913 1837 1064 1882; x_wconf 89' lang='lat' dir='ltr'>remenso</span> 
     </span>
    </p>
   </div>
   <div class='ocr_carea' id='block_1_3' title="bbox 260 2019 1337 4254">
    <p class='ocr_par' dir='ltr' id='par_1_3' title="bbox 260 2019 1337 4254">
     <span class='ocr_line' id='line_1_14' title="bbox 260 2019 1337 2102; baseline -0.003 -16"><span class='ocrx_word' id='word_1_76' title='bbox 260 2036 316 2086; x_wconf 80' lang='lat' dir='ltr'>lest</span> <span class='ocrx_word' id='word_1_77' title='bbox 331 2031 462 2099; x_wconf 87' lang='lat' dir='ltr'>nuptialis.</span> <span class='ocrx_word' id='word_1_78' title='bbox 477 2031 524 2084; x_wconf 83' lang='lat' dir='ltr'>Est</span> <span class='ocrx_word' id='word_1_79' title='bbox 538 2032 609 2083; x_wconf 89' lang='lat' dir='ltr'>enim</span> <span class='ocrx_word' id='word_1_80' title='bbox 623 2031 704 2083; x_wconf 84' lang='lat' dir='ltr'>altera</span> <span class='ocrx_word' id='word_1_81' title='bbox 718 2048 785 2101; x_wconf 88' lang='lat' dir='ltr'>quo-</span> <span class='ocrx_word' id='word_1_82' title='bbox 832 2028 881 2082; x_wconf 78' lang='lat' dir='ltr'>tt:</span> <span class='ocrx_word' id='word_1_83' title='bbox 894 2056 905 2076; x_wconf 82' lang='grc' dir='ltr'>ι</span> <span class='ocrx_word' id='word_1_84' title='bbox 918 2027 1039 2102; x_wconf 80' lang='lat' dir='ltr'>Lyncum</span> <span class='ocrx_word' id='word_1_85' title='bbox 1054 2029 1152 2082; x_wconf 88' lang='lat' dir='ltr'>humor</span> <span class='ocrx_word' id='word_1_86' title='bbox 1162 2019 1174 2096; x_wconf 91' lang='lat'>(</span> <span class='ocrx_word' id='word_1_87' title='bbox 1183 2025 1270 2092; x_wconf 79' lang='lat' dir='ltr'>ure&#39;ar)</span> <span class='ocrx_word' id='word_1_88' title='bbox 1284 2031 1337 2102; x_wconf 82' lang='lat' dir='ltr'>gls-</span> 
     </span>
     <span class='ocr_line' id='line_1_15' title="bbox 277 2107 1336 2182; baseline -0.003 -18"><span class='ocrx_word' id='word_1_89' title='bbox 277 2131 329 2182; x_wconf 87' lang='lat' dir='ltr'>que</span> <span class='ocrx_word' id='word_1_90' title='bbox 339 2111 464 2164; x_wconf 81' lang='lat' dir='ltr'>funebris.</span> <span class='ocrx_word' id='word_1_91' title='bbox 474 2111 597 2165; x_wconf 85' lang='lat' dir='ltr'>Cornelis</span> <span class='ocrx_word' id='word_1_92' title='bbox 609 2107 703 2181; x_wconf 88' lang='lat' dir='ltr'>Lepidi</span> <span class='ocrx_word' id='word_1_93' title='bbox 713 2107 784 2180; x_wconf 83' lang='lat' dir='ltr'>apud</span> <span class='ocrx_word' id='word_1_94' title='bbox 829 2111 914 2162; x_wconf 85' lang='lat' dir='ltr'>riatur</span> <span class='ocrx_word' id='word_1_95' title='bbox 917 2149 965 2162; x_wconf 92' lang='grc'><strong>.....</strong></span> <span class='ocrx_word' id='word_1_96' title='bbox 975 2111 1002 2160; x_wconf 92' lang='lat' dir='ltr'>in</span> <span class='ocrx_word' id='word_1_97' title='bbox 1012 2127 1127 2181; x_wconf 86' lang='lat' dir='ltr'>gemmas</span> <span class='ocrx_word' id='word_1_98' title='bbox 1130 2149 1175 2162; x_wconf 88' lang='grc'><strong>.....</strong></span> <span class='ocrx_word' id='word_1_99' title='bbox 1188 2109 1336 2179; x_wconf 84' lang='lat' dir='ltr'>lyncurium</span> 
     </span>
     <span class='ocr_line' id='line_1_16' title="bbox 276 2187 1335 2263; baseline -0.001 -20"><span class='ocrx_word' id='word_1_100' title='bbox 276 2192 357 2263; x_wconf 87' lang='lat' dir='ltr'>Pr0p.</span> <span class='ocrx_word' id='word_1_101' title='bbox 370 2192 421 2256; x_wconf 87' lang='lat' dir='ltr'>IV,</span> <span class='ocrx_word' id='word_1_102' title='bbox 434 2209 476 2255; x_wconf 85' lang='lat' dir='ltr'>rr,</span> <span class='ocrx_word' id='word_1_103' title='bbox 491 2195 544 2254; x_wconf 68' lang='lat'>46,</span> <span class='ocrx_word' id='word_1_104' title='bbox 558 2192 587 2241; x_wconf 92' lang='lat' dir='ltr'><em>V</em></span> <span class='ocrx_word' id='word_1_105' title='bbox 584 2195 668 2242; x_wconf 69' lang='lat' dir='ltr'>inimus</span> <span class='ocrx_word' id='word_1_106' title='bbox 680 2193 785 2258; x_wconf 75' lang='lat' dir='ltr'>imignes</span> <span class='ocrx_word' id='word_1_107' title='bbox 830 2201 942 2243; x_wconf 79' lang='lat' dir='ltr'>vocatus.</span> <span class='ocrx_word' id='word_1_108' title='bbox 950 2216 960 2235; x_wconf 82' lang='grc' dir='ltr'>ι</span> <span class='ocrx_word' id='word_1_109' title='bbox 969 2187 1103 2260; x_wconf 85' lang='lat' dir='ltr'>Talequid</span> <span class='ocrx_word' id='word_1_110' title='bbox 1110 2208 1193 2260; x_wconf 88' lang='lat' dir='ltr'>quum</span> <span class='ocrx_word' id='word_1_111' title='bbox 1203 2189 1274 2242; x_wconf 92' lang='lat' dir='ltr'>illius</span> <span class='ocrx_word' id='word_1_112' title='bbox 1284 2209 1335 2242; x_wconf 85' lang='lat' dir='ltr'>me·</span> 
     </span>
     <span class='ocr_line' id='line_1_17' title="bbox 277 2267 1336 2344; baseline -0.001 -20"><span class='ocrx_word' id='word_1_113' title='bbox 277 2276 339 2324; x_wconf 82' lang='lat' dir='ltr'>inter</span> <span class='ocrx_word' id='word_1_114' title='bbox 355 2285 478 2344; x_wconf 78' lang='lat' dir='ltr'>utramque</span> <span class='ocrx_word' id='word_1_115' title='bbox 489 2274 587 2338; x_wconf 75' lang='lat' dir='ltr'>secem,</span> <span class='ocrx_word' id='word_1_116' title='bbox 607 2289 622 2321; x_wconf 83' lang='lat' dir='ltr'>a</span> <span class='ocrx_word' id='word_1_117' title='bbox 637 2269 737 2340; x_wconf 88' lang='lat' dir='ltr'>nuptiis</span> <span class='ocrx_word' id='word_1_118' title='bbox 752 2269 785 2321; x_wconf 87' lang='lat' dir='ltr'>ad</span> <span class='ocrx_word' id='word_1_119' title='bbox 830 2269 921 2321; x_wconf 74' lang='lat' dir='ltr'>morin</span> <span class='ocrx_word' id='word_1_120' title='bbox 943 2270 1150 2335; x_wconf 79' lang='lat' dir='ltr'>observaretur,</span> <span class='ocrx_word' id='word_1_121' title='bbox 1171 2267 1336 2323; x_wconf 76' lang='lat' dir='ltr'>admiscuisse</span> 
     </span>
     <span class='ocr_line' id='line_1_18' title="bbox 274 2347 1335 2422; baseline 0 -20"><span class='ocrx_word' id='word_1_122' title='bbox 274 2362 399 2404; x_wconf 82' lang='lat' dir='ltr'>mortem.</span> <span class='ocrx_word' id='word_1_123' title='bbox 418 2352 465 2403; x_wconf 88' lang='lat' dir='ltr'>Illa</span> <span class='ocrx_word' id='word_1_124' title='bbox 486 2351 579 2422; x_wconf 77' lang='lat' dir='ltr'>prime</span> <span class='ocrx_word' id='word_1_125' title='bbox 594 2349 668 2402; x_wconf 73' lang='lat' dir='ltr'>tede</span> <span class='ocrx_word' id='word_1_126' title='bbox 683 2350 785 2400; x_wconf 89' lang='lat' dir='ltr'>lumina</span> <span class='ocrx_word' id='word_1_127' title='bbox 829 2347 937 2401; x_wconf 83' lang='lat' dir='ltr'>videtur</span> <span class='ocrx_word' id='word_1_128' title='bbox 948 2348 1014 2400; x_wconf 90' lang='lat' dir='ltr'>illud</span> <span class='ocrx_word' id='word_1_129' title='bbox 1030 2347 1064 2400; x_wconf 81' lang='lat' dir='ltr'>de</span> <span class='ocrx_word' id='word_1_130' title='bbox 1082 2351 1222 2420; x_wconf 89' lang='lat' dir='ltr'>crystallo,</span> <span class='ocrx_word' id='word_1_131' title='bbox 1233 2347 1267 2400; x_wconf 77' lang='lat' dir='ltr'>(le</span> <span class='ocrx_word' id='word_1_132' title='bbox 1281 2368 1335 2420; x_wconf 89' lang='lat' dir='ltr'>quo</span> 
     </span>
     <span class='ocr_line' id='line_1_19' title="bbox 269 2427 1336 2502; baseline -0.003 -18"><span class='ocrx_word' id='word_1_133' title='bbox 269 2433 407 2485; x_wconf 85' lang='lat' dir='ltr'>sociarunt</span> <span class='ocrx_word' id='word_1_134' title='bbox 441 2431 550 2502; x_wconf 86' lang='lat' dir='ltr'>Orphea</span> <span class='ocrx_word' id='word_1_135' title='bbox 574 2427 723 2501; x_wconf 67' lang='lat' dir='ltr'>Eurydice.</span> <span class='ocrx_word' id='word_1_136' title='bbox 745 2427 803 2471; x_wconf 85' lang='lat'>-&#39;</span> <span class='ocrx_word' id='word_1_137' title='bbox 830 2427 898 2481; x_wconf 90' lang='lat' dir='ltr'>idem</span> <span class='ocrx_word' id='word_1_138' title='bbox 912 2429 1280 2501; x_wconf 76' lang='lat' dir='ltr'>Ptin.xxxv11,2‚quum</span> <span class='ocrx_word' id='word_1_139' title='bbox 1296 2430 1336 2481; x_wconf 89' lang='lat' dir='ltr'>in·</span> 
     </span>
     <span class='ocr_line' id='line_1_20' title="bbox 269 2508 1335 2581; baseline -0.005 -16"><span class='ocrx_word' id='word_1_140' title='bbox 269 2514 367 2565; x_wconf 80' lang='lat' dir='ltr'>&#39;Omirta</span> <span class='ocrx_word' id='word_1_141' title='bbox 382 2512 463 2573; x_wconf 69' lang='lat' dir='ltr'>tede,</span> <span class='ocrx_word' id='word_1_142' title='bbox 478 2510 619 2575; x_wconf 80' lang='lat' dir='ltr'>Heinsius,</span> <span class='ocrx_word' id='word_1_143' title='bbox 632 2508 743 2561; x_wconf 77' lang='lat' dir='ltr'>Advers.</span> <span class='ocrx_word' id='word_1_144' title='bbox 759 2511 786 2577; x_wconf 88' lang='lat'>1,</span> <span class='ocrx_word' id='word_1_145' title='bbox 829 2508 939 2561; x_wconf 76' lang='lat' dir='ltr'>dicasset</span> <span class='ocrx_word' id='word_1_146' title='bbox 955 2510 1108 2581; x_wconf 82' lang='lat' dir='ltr'>crystallum</span> <span class='ocrx_word' id='word_1_147' title='bbox 1119 2510 1178 2561; x_wconf 83' lang='lat' dir='ltr'>lleri</span> <span class='ocrx_word' id='word_1_148' title='bbox 1195 2512 1277 2581; x_wconf 79' lang='lat' dir='ltr'>«gelu</span> <span class='ocrx_word' id='word_1_149' title='bbox 1292 2528 1335 2561; x_wconf 84' lang='lat' dir='ltr'>ve·</span> 
     </span>
     <span class='ocr_line' id='line_1_21' title="bbox 278 2589 1334 2663; baseline -0.005 -18"><span class='ocrx_word' id='word_1_150' title='bbox 278 2612 348 2663; x_wconf 88' lang='lat' dir='ltr'>9,·p.</span> <span class='ocrx_word' id='word_1_151' title='bbox 367 2594 412 2659; x_wconf 83' lang='lat'>93.</span> <span class='ocrx_word' id='word_1_152' title='bbox 829 2589 994 2643; x_wconf 84' lang='lat' dir='ltr'>bementiore</span> <span class='ocrx_word' id='word_1_153' title='bbox 1010 2600 1153 2654; x_wconf 89' lang='lat' dir='ltr'>concreto,</span> <span class='ocrx_word' id='word_1_154' title='bbox 1172 2590 1261 2651; x_wconf 79' lang='lat' dir='ltr'>addit,</span> <span class='ocrx_word' id='word_1_155' title='bbox 1281 2609 1334 2642; x_wconf 91' lang='lat' dir='ltr'>non</span> 
     </span>
     <span class='ocr_line' id='line_1_22' title="bbox 317 2668 1334 2741; baseline -0.003 -18"><span class='ocrx_word' id='word_1_156' title='bbox 317 2692 342 2723; x_wconf 83' lang='lat' dir='ltr'>s.</span> <span class='ocrx_word' id='word_1_157' title='bbox 359 2672 504 2732; x_wconf 75' lang='lat' dir='ltr'>Thraciam,</span> <span class='ocrx_word' id='word_1_158' title='bbox 520 2669 622 2740; x_wconf 88' lang='lat' dir='ltr'>Orphei</span> <span class='ocrx_word' id='word_1_159' title='bbox 634 2668 746 2740; x_wconf 86' lang='lat' dir='ltr'>patriam</span> <span class='ocrx_word' id='word_1_160' title='bbox 759 2675 786 2720; x_wconf 83' lang='lat' dir='ltr'>et</span> <span class='ocrx_word' id='word_1_161' title='bbox 829 2669 892 2722; x_wconf 88' lang='lat' dir='ltr'>alibi</span> <span class='ocrx_word' id='word_1_162' title='bbox 918 2682 989 2721; x_wconf 88' lang='lat' dir='ltr'>certe</span> <span class='ocrx_word' id='word_1_163' title='bbox 1009 2668 1160 2741; x_wconf 86' lang='lat' dir='ltr'>reperitur,</span> <span class='ocrx_word' id='word_1_164' title='bbox 1181 2686 1261 2741; x_wconf 86' lang='lat' dir='ltr'>qnam</span> <span class='ocrx_word' id='word_1_165' title='bbox 1289 2670 1334 2722; x_wconf 92' lang='lat' dir='ltr'>ubi</span> 
     </span>
     <span class='ocr_line' id='line_1_23' title="bbox 274 2748 1334 2820; baseline -0.004 -16"><span class='ocrx_word' id='word_1_166' title='bbox 274 2752 406 2803; x_wconf 73' lang='lat' dir='ltr'>theatrum</span> <span class='ocrx_word' id='word_1_167' title='bbox 419 2750 577 2819; x_wconf 85' lang='lat' dir='ltr'>,complevit</span> <span class='ocrx_word' id='word_1_168' title='bbox 586 2748 691 2819; x_wconf 87' lang='lat' dir='ltr'>Hymen</span> <span class='ocrx_word' id='word_1_169' title='bbox 704 2789 711 2812; x_wconf 97' lang='lat'>,</span> <span class='ocrx_word' id='word_1_170' title='bbox 729 2750 746 2800; x_wconf 90' lang='lat' dir='ltr'>i.</span> <span class='ocrx_word' id='word_1_171' title='bbox 759 2766 782 2799; x_wconf 91' lang='lat' dir='ltr'>e.</span> <span class='ocrx_word' id='word_1_172' title='bbox 829 2750 942 2801; x_wconf 82' lang='lat' dir='ltr'>maxime</span> <span class='ocrx_word' id='word_1_173' title='bbox 954 2748 1073 2801; x_wconf 76' lang='lat' dir='ltr'>bibernae</span> <span class='ocrx_word' id='word_1_174' title='bbox 1084 2750 1158 2801; x_wconf 82' lang='lat' dir='ltr'>nives</span> <span class='ocrx_word' id='word_1_175' title='bbox 1166 2748 1253 2819; x_wconf 87' lang='lat' dir='ltr'>rigent</span> <span class='ocrx_word' id='word_1_176' title='bbox 1263 2768 1270 2802; x_wconf 91' lang='lat'>:</span> <span class='ocrx_word' id='word_1_177' title='bbox 1282 2750 1334 2820; x_wconf 86' lang='lat' dir='ltr'>gla-</span> 
     </span>
     <span class='ocr_line' id='line_1_24' title="bbox 275 2828 1334 2901; baseline -0.002 -18"><span class='ocrx_word' id='word_1_178' title='bbox 275 2841 430 2901; x_wconf 82' lang='lat' dir='ltr'>apparutus,</span> <span class='ocrx_word' id='word_1_179' title='bbox 441 2829 612 2891; x_wconf 81' lang='lat' dir='ltr'>solemnitas,</span> <span class='ocrx_word' id='word_1_180' title='bbox 626 2828 785 2880; x_wconf 82' lang='lat' dir='ltr'>clamoinu·</span> <span class='ocrx_word' id='word_1_181' title='bbox 829 2828 951 2900; x_wconf 83' lang='lat' dir='ltr'>clemque</span> <span class='ocrx_word' id='word_1_182' title='bbox 968 2848 1023 2881; x_wconf 88' lang='lat' dir='ltr'>esse</span> <span class='ocrx_word' id='word_1_183' title='bbox 1038 2842 1138 2881; x_wconf 89' lang='lat' dir='ltr'>certum</span> <span class='ocrx_word' id='word_1_184' title='bbox 1154 2838 1209 2894; x_wconf 85' lang='lat' dir='ltr'>est,</span> <span class='ocrx_word' id='word_1_185' title='bbox 1224 2828 1334 2881; x_wconf 84' lang='lat' dir='ltr'>undeet</span> 
     </span>
     <span class='ocr_line' id='line_1_25' title="bbox 274 2906 1174 2982; baseline 0 -21"><span class='ocrx_word' id='word_1_186' title='bbox 274 2906 371 2982; x_wconf 84' lang='lat' dir='ltr'>ptialis.</span> <span class='ocrx_word' id='word_1_187' title='bbox 828 2926 927 2960; x_wconf 86' lang='lat' dir='ltr'>nornen</span> <span class='ocrx_word' id='word_1_188' title='bbox 943 2908 1030 2961; x_wconf 77' lang='lat' dir='ltr'>Graeci</span> <span class='ocrx_word' id='word_1_189' title='bbox 1044 2906 1150 2961; x_wconf 85' lang='lat' dir='ltr'>dedere.</span> <span class='ocrx_word' id='word_1_190' title='bbox 1164 2935 1174 2955; x_wconf 82' lang='grc' dir='ltr'>ι</span> 
     </span>
     <span class='ocr_line' id='line_1_26' title="bbox 317 2980 1333 3059; baseline 0.002 -20"><span class='ocrx_word' id='word_1_191' title='bbox 317 2988 342 3040; x_wconf 83' lang='grc'>3.</span> <span class='ocrx_word' id='word_1_192' title='bbox 359 2980 494 3040; x_wconf 78' lang='lat' dir='ltr'>Habemus</span> <span class='ocrx_word' id='word_1_193' title='bbox 507 2986 550 3039; x_wconf 81' lang='lat' dir='ltr'>ltlc</span> <span class='ocrx_word' id='word_1_194' title='bbox 561 2985 719 3037; x_wconf 87' lang='lat' dir='ltr'>munuscula</span> <span class='ocrx_word' id='word_1_195' title='bbox 733 3003 784 3036; x_wconf 91' lang='lat' dir='ltr'>nu·</span> <span class='ocrx_word' id='word_1_196' title='bbox 870 2992 895 3041; x_wconf 89' lang='lat'>8.</span> <span class='ocrx_word' id='word_1_197' title='bbox 914 2990 954 3039; x_wconf 91' lang='lat' dir='ltr'>De</span> <span class='ocrx_word' id='word_1_198' title='bbox 964 2988 1113 3059; x_wconf 83' lang='lat' dir='ltr'>gryphibus</span> <span class='ocrx_word' id='word_1_199' title='bbox 1124 2986 1223 3059; x_wconf 85' lang='lat' dir='ltr'>aliquid</span> <span class='ocrx_word' id='word_1_200' title='bbox 1235 2986 1333 3041; x_wconf 86' lang='lat' dir='ltr'>dictum</span> 
     </span>
     <span class='ocr_line' id='line_1_27' title="bbox 275 3064 1332 3141; baseline -0.002 -22"><span class='ocrx_word' id='word_1_201' title='bbox 275 3069 390 3141; x_wconf 82' lang='lat' dir='ltr'>ptialiaa</span> <span class='ocrx_word' id='word_1_202' title='bbox 405 3067 545 3120; x_wconf 79' lang='lat' dir='ltr'>clientibus</span> <span class='ocrx_word' id='word_1_203' title='bbox 554 3065 661 3131; x_wconf 83' lang='lat' dir='ltr'>collata,</span> <span class='ocrx_word' id='word_1_204' title='bbox 677 3078 706 3117; x_wconf 91' lang='lat' dir='ltr'>ut</span> <span class='ocrx_word' id='word_1_205' title='bbox 719 3066 782 3117; x_wconf 85' lang='lat' dir='ltr'>Ter.</span> <span class='ocrx_word' id='word_1_206' title='bbox 828 3064 861 3117; x_wconf 89' lang='lat' dir='ltr'>ad</span> <span class='ocrx_word' id='word_1_207' title='bbox 874 3069 917 3125; x_wconf 89' lang='grc' dir='ltr'>ΙΙ,</span> <span class='ocrx_word' id='word_1_208' title='bbox 934 3072 966 3132; x_wconf 90' lang='grc'>8,</span> <span class='ocrx_word' id='word_1_209' title='bbox 980 3087 1026 3135; x_wconf 77' lang='lat' dir='ltr'>no,</span> <span class='ocrx_word' id='word_1_210' title='bbox 1035 3070 1170 3121; x_wconf 68' lang='lat' dir='ltr'>Auum...</span> <span class='ocrx_word' id='word_1_211' title='bbox 1180 3086 1195 3117; x_wconf 87' lang='lat' dir='ltr'>a</span> <span class='ocrx_word' id='word_1_212' title='bbox 1204 3068 1332 3139; x_wconf 72' lang='lat' dir='ltr'>gryphibus</span> 
     </span>
     <span class='ocr_line' id='line_1_28' title="bbox 274 3142 1333 3219; baseline -0.002 -18"><span class='ocrx_word' id='word_1_213' title='bbox 274 3150 384 3202; x_wconf 83' lang='lat' dir='ltr'>Pborm,</span> <span class='ocrx_word' id='word_1_214' title='bbox 403 3149 432 3213; x_wconf 89' lang='grc' dir='ltr'>Ι,</span> <span class='ocrx_word' id='word_1_215' title='bbox 446 3164 473 3210; x_wconf 90' lang='lat'>1,</span> <span class='ocrx_word' id='word_1_216' title='bbox 490 3147 503 3199; x_wconf 83' lang='lat'><strong>5</strong></span> <span class='ocrx_word' id='word_1_217' title='bbox 517 3188 524 3209; x_wconf 92' lang='lat'>‚</span> <span class='ocrx_word' id='word_1_218' title='bbox 540 3168 550 3189; x_wconf 78' lang='grc' dir='ltr'>ι</span> <span class='ocrx_word' id='word_1_219' title='bbox 568 3144 686 3196; x_wconf 85' lang='lat' dir='ltr'>Herilem</span> <span class='ocrx_word' id='word_1_220' title='bbox 697 3144 782 3196; x_wconf 85' lang='lat' dir='ltr'>filium</span> <span class='ocrx_word' id='word_1_221' title='bbox 808 3188 812 3199; x_wconf 91' lang='grc'><em>,</em></span> <span class='ocrx_word' id='word_1_222' title='bbox 828 3148 894 3217; x_wconf 83' lang='lat' dir='ltr'>apud</span> <span class='ocrx_word' id='word_1_223' title='bbox 906 3148 1007 3219; x_wconf 75' lang='lat' dir='ltr'>Scyllas</span> <span class='ocrx_word' id='word_1_224' title='bbox 1021 3142 1033 3209; x_wconf 90' lang='lat'>(</span> <span class='ocrx_word' id='word_1_225' title='bbox 1039 3148 1067 3199; x_wconf 91' lang='lat' dir='ltr'>bi</span> <span class='ocrx_word' id='word_1_226' title='bbox 1081 3160 1144 3199; x_wconf 88' lang='lat' dir='ltr'>sunt</span> <span class='ocrx_word' id='word_1_227' title='bbox 1158 3144 1333 3219; x_wconf 81' lang='lat' dir='ltr'>hyperborei)</span> 
     </span>
     <span class='ocr_line' id='line_1_29' title="bbox 274 3224 1203 3298; baseline -0.002 -17"><span class='ocrx_word' id='word_1_228' title='bbox 274 3224 697 3298; x_wconf 75' lang='lat' dir='ltr'>ejusduxisseaudiouxorem‚ei</span> <span class='ocrx_word' id='word_1_229' title='bbox 707 3244 714 3287; x_wconf 89' lang='lat'><strong>;</strong></span> <span class='ocrx_word' id='word_1_230' title='bbox 726 3241 783 3275; x_wconf 84' lang='lat' dir='ltr'>cne-</span> <span class='ocrx_word' id='word_1_231' title='bbox 827 3240 926 3279; x_wconf 82' lang='lat' dir='ltr'>erutum.</span> <span class='ocrx_word' id='word_1_232' title='bbox 943 3227 1011 3279; x_wconf 88' lang='lat' dir='ltr'>Plin.</span> <span class='ocrx_word' id='word_1_233' title='bbox 1028 3228 1160 3291; x_wconf 83' lang='lat' dir='ltr'>XXXIII,</span> <span class='ocrx_word' id='word_1_234' title='bbox 1176 3234 1203 3290; x_wconf 72' lang='grc'>4.</span> 
     </span>
     <span class='ocr_line' id='line_1_30' title="bbox 274 3303 1332 3377; baseline -0.002 -18"><span class='ocrx_word' id='word_1_235' title='bbox 274 3307 323 3371; x_wconf 89' lang='lat' dir='ltr'>do,</span> <span class='ocrx_word' id='word_1_236' title='bbox 334 3326 432 3359; x_wconf 87' lang='lat' dir='ltr'>munus</span> <span class='ocrx_word' id='word_1_237' title='bbox 442 3306 496 3358; x_wconf 87' lang='lat' dir='ltr'>hoc</span> <span class='ocrx_word' id='word_1_238' title='bbox 507 3303 670 3358; x_wconf 83' lang='lat' dir='ltr'>conraditur.</span> <span class='ocrx_word' id='word_1_239' title='bbox 682 3332 692 3349; x_wconf 78' lang='grc' dir='ltr'>ι</span> <span class='ocrx_word' id='word_1_240' title='bbox 705 3304 785 3355; x_wconf 81' lang='lat' dir='ltr'>Vecti-</span> <span class='ocrx_word' id='word_1_241' title='bbox 868 3327 894 3375; x_wconf 91' lang='lat'>9.</span> <span class='ocrx_word' id='word_1_242' title='bbox 908 3308 959 3357; x_wconf 86' lang='lat' dir='ltr'>Per</span> <span class='ocrx_word' id='word_1_243' title='bbox 972 3310 1058 3369; x_wconf 69' lang='lat' dir='ltr'>marte,</span> <span class='ocrx_word' id='word_1_244' title='bbox 1074 3324 1123 3377; x_wconf 89' lang='lat' dir='ltr'>per</span> <span class='ocrx_word' id='word_1_245' title='bbox 1133 3326 1192 3359; x_wconf 85' lang='lat' dir='ltr'>aera</span> <span class='ocrx_word' id='word_1_246' title='bbox 1207 3309 1332 3358; x_wconf 83' lang='lat' dir='ltr'>volantes.</span> 
     </span>
     <span class='ocr_line' id='line_1_31' title="bbox 273 3381 1333 3457; baseline -0.001 -20"><span class='ocrx_word' id='word_1_247' title='bbox 273 3389 320 3457; x_wconf 83' lang='lat' dir='ltr'>gal</span> <span class='ocrx_word' id='word_1_248' title='bbox 330 3387 481 3448; x_wconf 63' lang='lat' dir='ltr'>samuhele,</span> <span class='ocrx_word' id='word_1_249' title='bbox 498 3382 587 3457; x_wconf 86' lang='lat' dir='ltr'>lepide</span> <span class='ocrx_word' id='word_1_250' title='bbox 598 3396 676 3436; x_wconf 81' lang='lat' dir='ltr'>vocat</span> <span class='ocrx_word' id='word_1_251' title='bbox 688 3381 784 3435; x_wconf 87' lang='lat' dir='ltr'>Noster</span> <span class='ocrx_word' id='word_1_252' title='bbox 872 3404 914 3437; x_wconf 88' lang='lat' dir='ltr'>rr.</span> <span class='ocrx_word' id='word_1_253' title='bbox 925 3386 1037 3449; x_wconf 77' lang='lat' dir='ltr'>Electra,</span> <span class='ocrx_word' id='word_1_254' title='bbox 1050 3406 1142 3438; x_wconf 74' lang='lat' dir='ltr'>sorores</span> <span class='ocrx_word' id='word_1_255' title='bbox 1151 3386 1333 3450; x_wconf 80' lang='lat' dir='ltr'>Phaethontis,</span> 
     </span>
     <span class='ocr_line' id='line_1_32' title="bbox 274 3464 1332 3537; baseline -0.003 -18"><span class='ocrx_word' id='word_1_256' title='bbox 274 3468 344 3520; x_wconf 79' lang='lat' dir='ltr'>infru</span> <span class='ocrx_word' id='word_1_257' title='bbox 353 3486 378 3519; x_wconf 82' lang='lat' dir='ltr'>v.</span> <span class='ocrx_word' id='word_1_258' title='bbox 394 3468 435 3519; x_wconf 75' lang='lat' dir='ltr'>re.</span> <span class='ocrx_word' id='word_1_259' title='bbox 830 3464 915 3537; x_wconf 61' lang='lat' dir='ltr'>Cyrni,</span> <span class='ocrx_word' id='word_1_260' title='bbox 927 3465 1011 3516; x_wconf 83' lang='lat' dir='ltr'>Padus</span> <span class='ocrx_word' id='word_1_261' title='bbox 1026 3465 1147 3535; x_wconf 86' lang='lat' dir='ltr'>ejusdem</span> <span class='ocrx_word' id='word_1_262' title='bbox 1164 3465 1260 3519; x_wconf 69' lang='lat' dir='ltr'>fabule</span> <span class='ocrx_word' id='word_1_263' title='bbox 1274 3485 1332 3537; x_wconf 83' lang='lat' dir='ltr'>par-</span> 
     </span>
     <span class='ocr_line' id='line_1_33' title="bbox 317 3541 1334 3619; baseline -0.002 -20"><span class='ocrx_word' id='word_1_264' title='bbox 317 3554 343 3611; x_wconf 73' lang='grc'>4.</span> <span class='ocrx_word' id='word_1_265' title='bbox 354 3545 405 3599; x_wconf 83' lang='lat' dir='ltr'>Suo</span> <span class='ocrx_word' id='word_1_266' title='bbox 416 3550 486 3604; x_wconf 51' lang='lat' dir='ltr'>vata}</span> <span class='ocrx_word' id='word_1_267' title='bbox 499 3544 599 3615; x_wconf 88' lang='lat' dir='ltr'>quippe</span> <span class='ocrx_word' id='word_1_268' title='bbox 608 3541 732 3614; x_wconf 88' lang='lat' dir='ltr'>Orpheus</span> <span class='ocrx_word' id='word_1_269' title='bbox 740 3542 785 3596; x_wconf 83' lang='lat' dir='ltr'>de·</span> <span class='ocrx_word' id='word_1_270' title='bbox 813 3556 880 3619; x_wconf 59' lang='grc' dir='ltr'>,ωας</span> <span class='ocrx_word' id='word_1_271' title='bbox 888 3558 977 3614; x_wconf 80' lang='lat' dir='ltr'>quum,</span> <span class='ocrx_word' id='word_1_272' title='bbox 988 3545 1010 3597; x_wconf 91' lang='lat' dir='ltr'>si</span> <span class='ocrx_word' id='word_1_273' title='bbox 1023 3563 1092 3615; x_wconf 88' lang='lat' dir='ltr'>opus</span> <span class='ocrx_word' id='word_1_274' title='bbox 1105 3546 1147 3608; x_wconf 87' lang='lat' dir='ltr'>sit,</span> <span class='ocrx_word' id='word_1_275' title='bbox 1160 3546 1237 3597; x_wconf 86' lang='lat' dir='ltr'>facile</span> <span class='ocrx_word' id='word_1_276' title='bbox 1246 3556 1286 3598; x_wconf 87' lang='lat' dir='ltr'>est</span> <span class='ocrx_word' id='word_1_277' title='bbox 1296 3565 1334 3597; x_wconf 91' lang='lat' dir='ltr'>re·</span> 
     </span>
     <span class='ocr_line' id='line_1_34' title="bbox 272 3624 1332 3694; baseline -0.005 -14"><span class='ocrx_word' id='word_1_278' title='bbox 272 3628 384 3680; x_wconf 83' lang='lat' dir='ltr'>lectatus</span> <span class='ocrx_word' id='word_1_279' title='bbox 397 3626 483 3677; x_wconf 86' lang='lat' dir='ltr'>fuerat</span> <span class='ocrx_word' id='word_1_280' title='bbox 495 3625 583 3689; x_wconf 87' lang='lat' dir='ltr'>silvis,</span> <span class='ocrx_word' id='word_1_281' title='bbox 596 3624 625 3675; x_wconf 91' lang='lat' dir='ltr'>in</span> <span class='ocrx_word' id='word_1_282' title='bbox 635 3624 732 3694; x_wconf 87' lang='lat' dir='ltr'>quibus</span> <span class='ocrx_word' id='word_1_283' title='bbox 744 3625 783 3675; x_wconf 76' lang='lat' dir='ltr'>t‘e·</span> <span class='ocrx_word' id='word_1_284' title='bbox 827 3636 918 3693; x_wconf 85' lang='lat' dir='ltr'>petere</span> <span class='ocrx_word' id='word_1_285' title='bbox 931 3643 962 3676; x_wconf 84' lang='lat' dir='ltr'>ex</span> <span class='ocrx_word' id='word_1_286' title='bbox 979 3624 1060 3677; x_wconf 83' lang='lat' dir='ltr'>ovid.</span> <span class='ocrx_word' id='word_1_287' title='bbox 1072 3626 1182 3677; x_wconf 86' lang='lat' dir='ltr'>Metam.</span> <span class='ocrx_word' id='word_1_288' title='bbox 1199 3624 1242 3689; x_wconf 90' lang='lat'>11,</span> <span class='ocrx_word' id='word_1_289' title='bbox 1260 3624 1332 3687; x_wconf 68' lang='lat'>340;</span> 
     </span>
     <span class='ocr_line' id='line_1_35' title="bbox 274 3700 1332 3777; baseline -0.007 -17"><span class='ocrx_word' id='word_1_290' title='bbox 274 3726 316 3760; x_wconf 83' lang='lat' dir='ltr'>rus</span> <span class='ocrx_word' id='word_1_291' title='bbox 324 3724 458 3777; x_wconf 89' lang='lat' dir='ltr'>rupesque</span> <span class='ocrx_word' id='word_1_292' title='bbox 468 3705 575 3757; x_wconf 76' lang='lat' dir='ltr'>traxisse</span> <span class='ocrx_word' id='word_1_293' title='bbox 585 3702 698 3766; x_wconf 83' lang='lat' dir='ltr'>dicitur,</span> <span class='ocrx_word' id='word_1_294' title='bbox 710 3700 784 3773; x_wconf 85' lang='lat' dir='ltr'>quod</span> <span class='ocrx_word' id='word_1_295' title='bbox 828 3704 869 3754; x_wconf 84' lang='lat' dir='ltr'>vel</span> <span class='ocrx_word' id='word_1_296' title='bbox 876 3742 882 3767; x_wconf 90' lang='lat'>,</span> <span class='ocrx_word' id='word_1_297' title='bbox 890 3703 1154 3775; x_wconf 83' lang='lat' dir='ltr'>nelongeabeat‚hic</span> <span class='ocrx_word' id='word_1_298' title='bbox 1163 3701 1195 3756; x_wconf 85' lang='lat' dir='ltr'>ed</span> <span class='ocrx_word' id='word_1_299' title='bbox 1204 3704 1332 3767; x_wconf 81' lang='lat' dir='ltr'>XXVIII,</span> 
     </span>
     <span class='ocr_line' id='line_1_36' title="bbox 274 3782 896 3845; baseline -0.005 -8"><span class='ocrx_word' id='word_1_300' title='bbox 274 3787 396 3839; x_wconf 75' lang='lat' dir='ltr'>bomInes</span> <span class='ocrx_word' id='word_1_301' title='bbox 406 3804 422 3837; x_wconf 85' lang='lat' dir='ltr'>a</span> <span class='ocrx_word' id='word_1_302' title='bbox 431 3785 517 3838; x_wconf 82' lang='lat' dir='ltr'>serino</span> <span class='ocrx_word' id='word_1_303' title='bbox 527 3785 599 3835; x_wconf 84' lang='lat' dir='ltr'>victu</span> <span class='ocrx_word' id='word_1_304' title='bbox 612 3782 783 3845; x_wconf 88' lang='lat' dir='ltr'>deterruerit,</span> <span class='ocrx_word' id='word_1_305' title='bbox 834 3784 896 3836; x_wconf 81' lang='lat'>165.</span> 
     </span>
     <span class='ocr_line' id='line_1_37' title="bbox 273 3860 1331 3937; baseline -0.003 -21"><span class='ocrx_word' id='word_1_306' title='bbox 273 3868 316 3917; x_wconf 78' lang='lat' dir='ltr'>vel</span> <span class='ocrx_word' id='word_1_307' title='bbox 331 3865 404 3937; x_wconf 86' lang='lat' dir='ltr'>quod</span> <span class='ocrx_word' id='word_1_308' title='bbox 420 3884 451 3917; x_wconf 84' lang='lat' dir='ltr'>ex</span> <span class='ocrx_word' id='word_1_309' title='bbox 463 3864 608 3918; x_wconf 81' lang='lat' dir='ltr'>visceribus</span> <span class='ocrx_word' id='word_1_310' title='bbox 620 3862 735 3915; x_wconf 81' lang='lat' dir='ltr'>ferarum</span> <span class='ocrx_word' id='word_1_311' title='bbox 744 3860 784 3918; x_wconf 81' lang='lat' dir='ltr'>tu·</span> <span class='ocrx_word' id='word_1_312' title='bbox 870 3860 912 3914; x_wconf 83' lang='lat'>13.</span> <span class='ocrx_word' id='word_1_313' title='bbox 938 3862 1107 3936; x_wconf 80' lang='lat' dir='ltr'>Pygmoeorwn</span> <span class='ocrx_word' id='word_1_314' title='bbox 1135 3882 1195 3915; x_wconf 87' lang='lat' dir='ltr'>cum</span> <span class='ocrx_word' id='word_1_315' title='bbox 1226 3862 1331 3917; x_wconf 77' lang='lat' dir='ltr'>Gruibus</span> 
     </span>
     <span class='ocr_line' id='line_1_38' title="bbox 273 3942 1331 4014; baseline 0.004 -23"><span class='ocrx_word' id='word_1_316' title='bbox 273 3957 333 3996; x_wconf 77' lang='lat' dir='ltr'>tura</span> <span class='ocrx_word' id='word_1_317' title='bbox 347 3945 508 4014; x_wconf 64' lang='lat' dir='ltr'>predixerit.</span> <span class='ocrx_word' id='word_1_318' title='bbox 826 3958 913 4011; x_wconf 87' lang='lat' dir='ltr'>pugna</span> <span class='ocrx_word' id='word_1_319' title='bbox 930 3942 984 4011; x_wconf 86' lang='lat' dir='ltr'>jam</span> <span class='ocrx_word' id='word_1_320' title='bbox 1011 3943 1152 3995; x_wconf 81' lang='lat' dir='ltr'>Homerica</span> <span class='ocrx_word' id='word_1_321' title='bbox 1168 3943 1256 3995; x_wconf 82' lang='lat' dir='ltr'>fabula</span> <span class='ocrx_word' id='word_1_322' title='bbox 1279 3957 1331 4007; x_wconf 86' lang='lat' dir='ltr'>est,</span> 
     </span>
     <span class='ocr_line' id='line_1_39' title="bbox 315 4020 1330 4093; baseline 0.001 -20"><span class='ocrx_word' id='word_1_323' title='bbox 315 4042 341 4091; x_wconf 88' lang='lat'>7.</span> <span class='ocrx_word' id='word_1_324' title='bbox 359 4025 381 4073; x_wconf 82' lang='grc' dir='ltr'><strong>Α</strong></span> <span class='ocrx_word' id='word_1_325' title='bbox 404 4024 513 4076; x_wconf 81' lang='lat' dir='ltr'>Caucasi</span> <span class='ocrx_word' id='word_1_326' title='bbox 533 4022 677 4093; x_wconf 78' lang='lat' dir='ltr'>frigoribus</span> <span class='ocrx_word' id='word_1_327' title='bbox 692 4022 782 4091; x_wconf 87' lang='lat' dir='ltr'>lyncas</span> <span class='ocrx_word' id='word_1_328' title='bbox 826 4020 863 4071; x_wconf 82' lang='grc' dir='ltr'>Ῑλ.</span> <span class='ocrx_word' id='word_1_329' title='bbox 877 4040 907 4090; x_wconf 84' lang='grc' dir='ltr'>γ,</span> <span class='ocrx_word' id='word_1_330' title='bbox 925 4025 956 4082; x_wconf 90' lang='lat'>6,</span> <span class='ocrx_word' id='word_1_331' title='bbox 969 4022 1016 4075; x_wconf 90' lang='lat' dir='ltr'>ubi</span> <span class='ocrx_word' id='word_1_332' title='bbox 1025 4035 1077 4075; x_wconf 84' lang='lat' dir='ltr'>vet.</span> <span class='ocrx_word' id='word_1_333' title='bbox 1091 4022 1250 4077; x_wconf 82' lang='lat' dir='ltr'>Scholiastes</span> <span class='ocrx_word' id='word_1_334' title='bbox 1263 4024 1330 4092; x_wconf 87' lang='lat' dir='ltr'>Pyg-</span> 
     </span>
     <span class='ocr_line' id='line_1_40' title="bbox 272 4098 1329 4171; baseline -0.001 -17"><span class='ocrx_word' id='word_1_335' title='bbox 272 4101 775 4165; x_wconf 74' lang='lat' dir='ltr'>renirelacit,credo,obeamrstionem</span> <span class='ocrx_word' id='word_1_336' title='bbox 825 4118 904 4153; x_wconf 78' lang='lat' dir='ltr'>mesos</span> <span class='ocrx_word' id='word_1_337' title='bbox 917 4098 1026 4153; x_wconf 84' lang='lat' dir='ltr'>collocat</span> <span class='ocrx_word' id='word_1_338' title='bbox 1041 4103 1073 4162; x_wconf 75' lang='grc' dir='ltr'>εἰς</span> <span class='ocrx_word' id='word_1_339' title='bbox 1088 4100 1120 4155; x_wconf 83' lang='grc' dir='ltr'>τὰ</span> <span class='ocrx_word' id='word_1_340' title='bbox 1136 4104 1255 4154; x_wconf 74' lang='grc' dir='ltr'>ἀνωτάτω</span> <span class='ocrx_word' id='word_1_341' title='bbox 1269 4104 1329 4171; x_wconf 70' lang='grc' dir='ltr'>μέρη</span> 
     </span>
     <span class='ocr_line' id='line_1_41' title="bbox 270 4179 1328 4254; baseline -0.004 -20"><span class='ocrx_word' id='word_1_342' title='bbox 270 4179 774 4254; x_wconf 86' lang='lat' dir='ltr'>quamPliuiiverhisponemus,VIII,</span> <span class='ocrx_word' id='word_1_343' title='bbox 819 4184 862 4239; x_wconf 81' lang='grc' dir='ltr'>τῆς</span> <span class='ocrx_word' id='word_1_344' title='bbox 889 4181 1058 4249; x_wconf 74' lang='grc' dir='ltr'>Αἰγυπτιακῆς</span> <span class='ocrx_word' id='word_1_345' title='bbox 1079 4184 1142 4251; x_wconf 75' lang='grc' dir='ltr'>γῆς,</span> <span class='ocrx_word' id='word_1_346' title='bbox 1165 4184 1266 4237; x_wconf 74' lang='grc' dir='ltr'><strong>πλησίον</strong></span> <span class='ocrx_word' id='word_1_347' title='bbox 1286 4184 1328 4232; x_wconf 72' lang='lat' dir='ltr'>ssi</span> 
     </span>
    </p>
   </div>
   <div class='ocr_carea' id='block_1_4' title="bbox 0 0 1522 4900">
    <p class='ocr_par' dir='ltr' id='par_1_4' title="bbox 0 0 1522 4900">
     <span class='ocr_line' id='line_1_42' title="bbox 0 0 1522 4900; baseline 0 1"><span class='ocrx_word' id='word_1_348' title='bbox 0 0 1522 4900; x_wconf 95' lang='lat' dir='ltr'> </span> 
     </span>
    </p>
   </div>
  </div>
 </body>
</html>
