3034 4900
256 459 336 558 196'
467 459 542 529 CL.
571 455 875 528 CLAUDIANI
901 455 1092 523 XXXIII.

187 639 192 664 ·.
251 594 366 664 Redde
383 591 458 662 lovi
473 617 480 658 :
496 603 668 659 tantumne
687 587 769 674 tibi,
787 587 962 656 sevissime
980 585 1136 674 fratrum,

253 704 293 771 In
316 723 368 769 me
383 699 465 792 juris
484 694 568 766 criti
585 697 630 764 sic
651 693 747 763 nobis
769 694 867 762 noxia
888 695 974 761 vires

255 811 341 878 Cum
363 803 444 874 caelo
465 806 612 872 Fortuna
631 799 727 870 tulit?
747 825 829 868 num
850 798 953 868 robur
970 811 1004 867 et
1021 821 1113 866 arma
1287 830 1316 880 ,ε

254 911 475 995 Perdidimus
493 911 519 978 si
537 922 631 1003 rapta
650 905 741 976 dies?
758 930 802 975 an
821 905 905 974 forte
921 904 1067 997 jacentes

256 1025 462 1114 Ignavosque
484 1027 599 1109 putas,
621 1013 709 1106 quod
731 1037 800 1081 non
820 1009 979 1106 Cyclopia
999 1008 1064 1079 tela

257 1125 473 1219 stringimus,
492 1135 549 1189 aut
566 1123 667 1189 venas
682 1119 806 1188 tonitru
824 1114 1009 1187 deludimus
1026 1113 1143 1186 aures?

256 1235 377 1301 Nonne
398 1230 475 1298 satis
493 1230 620 1314 visum,
636 1225 724 1320 quod
747 1226 832 1320 grati
850 1222 981 1293 luminis
1000 1248 1116 1319 expers

257 1339 369 1407 Tertia
384 1357 545 1430 suprema
564 1333 673 1427 patior
693 1331 865 1426 dispendia
886 1331 1002 1415 sortis,

258 1443 484 1535 Informesque
500 1437 633 1534 plagas3
650 1463 753 1532 quum
772 1453 805 1506 te
822 1436 1006 1506 laetissimus
1022 1449 1119 1505 ornet

259 1548 419 1645 Signifer,
437 1561 471 1615 et
489 1547 580 1614 vario
601 1545 735 1640 cingant
755 1541 929 1639 splendore
942 1541 1103 1612 Triones?

260 1655 325 1724 Sed
343 1652 494 1723 thalamis
512 1654 609 1721 etiarn
628 1647 807 1746 prohibes?
821 1651 942 1718 Nereia
963 1648 1081 1744 glauco

259 1761 452 1855 Neptunum
474 1760 600 1852 gremio
618 1754 847 1852 complectitur
865 1755 1064 1850 Amphitrite
1079 1782 1089 1842 ;

261 1867 309 1936 Te
327 1865 571 1960 consanguineo
588 1865 705 1959 recipit
721 1877 798 1957 post
815 1861 953 1931 fulmina
972 1862 1095 1930 fessum
1284 1893 1323 1931 με

262 1977 349 2042 Iuno
371 1975 465 2042 sinu.-
484 1971 563 2062 quid
581 1971 667 2039 enim
687 1993 820 2039 narrem
842 1969 983 2039 Latonia
1003 1966 1113 2036 hirta?

265 2231 303 2262 ros
325 2220 443 2273 harant,
464 2220 491 2262 et
510 2205 577 2260 illud
595 2206 730 2272 XXXVI,
748 2212 772 2259 3.
817 2205 923 2270 evcnit,
940 2206 1025 2258 maria
1043 2203 1185 2274 Neptuno,
1204 2203 1283 2256 tertia
1298 2215 1338 2277 et,

306 2291 353 2360 93.
374 2289 456 2352 Tulit,
481 2287 607 2350 abstulit,
630 2299 661 2340 ut
681 2288 709 2340 in
728 2288 775 2340 illo
816 2280 1155 2355 ultima(hencsupremam
1168 2278 1325 2345 hicvoout)

266 2370 362 2441 Virgil.
378 2369 434 2420 Ecl.
450 2369 505 2429 IX,
524 2367 555 2420 51
571 2389 577 2418 r
592 2367 710 2420 «Omnia
724 2367 777 2420 lert
817 2365 964 2419 inferorum
974 2365 1092 2418 Plutoni.
1105 2363 1327 2417 Describiturista

266 2464 328 2503 retas
341 2487 349 2514 ,
376 2448 494 2501 animum
516 2464 718 2519 quoque....-
736 2477 776 2491 -
818 2444 923 2499 sortitio
940 2454 976 2499 n.
992 2465 1019 2511 ο,
1045 2446 1094 2516 187
1113 2464 1171 2516 sqq.
1192 2443 1264 2496 Hinc
1283 2462 1328 2497 ve-

268 2531 340 2581 Vires
354 2526 515 2599 respondent
533 2526 675 2580 Homerico
694 2528 775 2589 ἀλκὴ,
817 2522 1325 2589 ιιωῐε]ονίαάυ1ειῐιπ(1311ἰωαὼω,Η.

266 2628 320 2681 quo
332 2608 470 2662 victorium
483 2618 566 2659 notet.
820 2607 849 2659 in
859 2606 965 2676 ipsum,
975 2624 1001 2658 v.
1016 2609 1066 2672 60,
1078 2623 1163 2677 quum
1174 2616 1251 2675 neget
1261 2603 1328 2656 sorti

308 2692 354 2756 96.
375 2688 436 2739 Dies
451 2698 521 2757 rapta
534 2686 659 2753 Plutoni,
674 2697 705 2739 ut
723 2684 777 2739 suia
819 2700 874 2739 tum
887 2685 1059 2756 inuquulinm
1068 2704 1160 2737 rerum
1170 2683 1329 2737 divisionem

268 2767 359 2819 inferis
374 2778 514 2829 contento,
527 2766 595 2818 hanc
609 2767 712 2830 lucem,
724 2766 778 2820 boc
819 2764 987 2836 permissam,
996 2764 1044 2818 sed
1053 2765 1155 2818 viribus
1167 2776 1194 2817 et
1203 2762 1331 2835 operibus

269 2846 361 2897 calum
381 2856 501 2897 nostrum
514 2842 605 2895 videre
619 2864 674 2897 non
688 2846 779 2899 liceat.
819 2844 895 2898 Joris
908 2846 1002 2898 ciclum
1014 2844 1135 2898 debitum
1151 2844 1195 2897 ait

249 2979 252 2990 ,
310 2942 356 2993 97.
379 2924 496 2995 Cyclopia
513 2922 576 2988 tela,
592 2924 704 2978 fulmina
720 2943 779 2995 qure
864 2943 927 2977 101.
937 2920 1331 2997 Insomresqueplagru.1bienim

270 3004 400 3076 Cyclopes
422 3003 583 3056 fabricantur
602 3002 680 3069 Jovi;
697 3023 779 3075 quern
822 3016 861 3057 eet
873 3004 954 3058 chaos
964 3006 1078 3058 informe
1090 3017 1170 3075 etque
1181 3000 1289 3056 soedum.

269 3083 397 3136 lubricum
414 3082 525 3155 pulchre
540 3081 664 3136 describit
682 3084 779 3155 virgil.
865 3102 930 3139 ror.
944 3085 1061 3156 Sigmfir,
1074 3082 1216 3150 Zodiucus;
1232 3083 1332 3134 Triones

270 3168 330 3216 AEn.
346 3165 431 3228 VIII,
445 3166 509 3228 426.
821 3175 923 3233 septem
931 3177 958 3216 et
964 3163 1103 3237 splendide
1109 3164 1154 3216 illa
1161 3162 1334 3216 ursoutrius·

214 3286 216 3289 .
313 3246 358 3311 98.
380 3243 548 3313 Strirrgimus,
571 3239 600 3294 id
619 3255 676 3307 ert,
691 3242 780 3297 vibra·
822 3260 877 3314 que
886 3240 1059 3315 eidemque
1069 3262 1207 3315 nunquam
1215 3239 1274 3294 orbi
1284 3258 1334 3290 no·

271 3340 347 3374 mus:
363 3324 538 3376 «stricturum
548 3338 576 3374 se
588 3320 782 3377 lucubrationis
822 3335 878 3376 stro
897 3322 1036 3376 occidunt.
1054 3355 1094 3367 -
1109 3323 1233 3392 Cingam
1248 3336 1333 3388 eppo·

271 3400 413 3456 suaetelum
421 3401 780 3455 minabatur.»Suetoniusin
822 3402 945 3467 eit03hic
965 3403 1038 3455 enim
1061 3421 1117 3455 unt
1135 3412 1175 3453 ert
1192 3417 1225 3451 ex
1242 3397 1333 3462 zonis3

271 3480 398 3550 Caligula.
410 3483 512 3533 -Aut
522 3500 600 3532 uanas
613 3486 702 3534 tonihu
716 3483 782 3534 delu·
823 3499 891 3533 zone
902 3494 989 3534 autem
998 3494 1026 3533 et
1032 3481 1170 3553 cingulum
1176 3489 1333 3531 suntunum

272 3560 351 3613 dimus
366 3544 442 3611 aries.
458 3560 618 3614 Convicium
635 3580 649 3613 a
667 3561 781 3631 Virgilio
824 3573 852 3613 et
870 3559 959 3623 idem,
983 3561 1104 3631 ζώννυμι,
1126 3560 1224 3629 eingo;
1246 3556 1333 3621 Idm,

273 3652 415 3695 mutuatur
429 3638 490 3693 AEn.
506 3639 563 3705 IV,
578 3665 589 3688 ι
603 3659 636 3693 un
652 3652 694 3705 te,
709 3640 782 3711 geni·
824 3639 974 3711 cingulum,
989 3658 1064 3693 mna.

274 3732 334 3785 tor,
353 3738 437 3792 quum
453 3718 565 3773 fulmine
587 3731 713 3791 torques,
727 3720 782 3773 Ne·
868 3719 934 3773 105.
948 3719 1141 3789 Comarrguiuei,
1152 3717 1245 3771 fratres
1256 3728 1282 3771 et
1293 3734 1337 3769 ro·

274 3799 419 3871 quidquam
442 3800 595 3866 horremus,
615 3800 729 3870 cecique
752 3799 783 3851 in
824 3816 913 3865 rores,
928 3813 959 3854 ut
978 3800 1007 3852 in
1027 3800 1075 3852 illo
1088 3802 1275 3868 consanguineus
1292 3797 1336 3848 leti

275 3880 393 3935 nubibus
404 3880 478 3952 ignes
490 3880 649 3935 Terrificant
664 3879 782 3945 animos,
824 3898 910 3949 sopor,
925 3882 989 3932 AEn.
1003 3881 1064 3944 VI,
1083 3879 1149 3949 278.
1166 3878 1210 3931 Sic
1229 3879 1335 3948 ὅμαιμος

276 3970 303 4009 et
316 3956 405 4012 inania
414 3978 551 4013 murmura
565 3960 694 4013 miscent?
707 3984 717 4005 ι
826 3971 853 4010 et
864 3960 976 4030 ὁμαίμων
992 3958 1099 4013 Grrecis.
1114 3960 1206 4023 Juno,
1219 3957 1286 4010 loris
1298 3956 1339 4007 Et

320 4054 381 4089 roo.
394 4036 470 4090 Sorte
485 4038 600 4093 divisum
619 4036 713 4090 mundi
731 4038 782 4089 im·
825 4050 930 4092 sereret
942 4042 1044 4108 conjux,
1059 4042 1137 4104 AEn.,
1152 4038 1182 4103 Ι,
1199 4042 1245 4103 47.

276 4116 380 4188 perium
398 4116 467 4169 inter
483 4116 595 4179 fratres,
612 4115 781 4173 leviculum
869 4121 930 4171 106.
944 4119 1049 4170 Latonia
1056 4118 1143 4184 seura,
1157 4109 1338 4169 condentium
