3034 4900
254 437 330 524 340
486 435 563 504 ct.
590 433 894 504 CLAUDIAM
920 435 1078 503 XLVII.

252 566 477 662 lenmigeroe
491 565 619 660 patiens
632 567 733 634 Zouss
748 567 935 662 Cancrique
949 563 1102 654 calentis,

252 674 422 746 Fluctibus
435 673 556 767 ignotis
571 685 721 742 nostrum
735 674 903 768 procurrit
917 673 953 742 in
969 667 1084 743 orbem
1095 697 1119 758 ,'

252 784 386 852 Secreto
399 778 441 848 de
454 777 546 848 fonte
559 777 696 862 cadens,
709 781 767 874 qui
781 803 910 874 semper
923 779 1012 850 inani

253 883 462 978 Quaerendus
474 887 604 954 ratione
619 883 718 970 lstst3
732 909 795 955 nec
809 887 947 982 contigit
963 885 1020 956 ulli

254 998 329 1065 Hoc
343 993 464 1063 vidisse
477 1005 596 1086 eaput:
611 991 718 1061 fertur
730 993 803 1060 sino
816 1006 899 1062 teste
913 1007 1062 1078 creatus,

254 1100 406 1171 Flumina
419 1097 622 1194 profundens
636 1094 733 1167 alieni
747 1099 879 1169 conscia
893 1098 971 1169 caeli.
1048 1139 1051 1146 ·

253 1205 338 1277 Inde
351 1231 437 1301 vago
449 1206 545 1299 lapsu
559 1203 699 1298 libyum
714 1202 880 1299 dispersus
896 1205 932 1274 in
948 1227 1079 1274 omnem
1296 1241 1319 1279 ,ε

255 1314 448 1408 AEthiopum
462 1333 523 1405 per
538 1307 627 1380 mille
641 1309 708 1378 mit
720 1312 884 1406 nigrantia
898 1335 1018 1406 regna,

254 1423 299 1491 Et
312 1419 385 1489 loca
399 1418 557 1488 continuo
571 1414 657 1521 Splis
672 1415 829 1487 damnata
841 1441 966 1514 vapore

253 1527 397 1612 Irmrat,
411 1521 607 1619 populisque
621 1519 709 1592 salus
723 1523 905 1594 sitientibus
921 1537 1025 1609 errat,

296 1734 323 1786 9.
337 1709 764 1783 wei-3,Tmpici,ultrsquem,
810 1715 842 1767 L.
854 1715 884 1778 1,
905 1731 995 1780 cvm,
1013 1712 1088 1768 dedit
1106 1711 1187 1769 decus
1205 1715 1319 1772 Germe·

256 1813 347 1850 vem
357 1796 545 1865 AEqustorem,
559 1791 766 1856 omnes31esui·
809 1793 875 1860 nin,
886 1793 990 1848 ffiobus
1002 1793 1148 1864 Ludollus,
1156 1795 1190 1849 ad
1200 1799 1275 1869 cujus
1287 1797 1320 1852 fl·

257 1889 346 1930 esrum
360 1872 472 1945 apostoli
485 1885 512 1924 et
523 1869 683 1937 Schererus,
699 1889 767 1926 ocu·
809 1872 890 1940 dem,
909 1874 1048 1928 sJesuitis
1067 1874 1229 1947 quibusdam
1255 1896 1319 1948 spo-

258 1967 299 2010 trs
314 1951 422 2007 Ludolli
441 1965 468 2004 et
489 1950 569 2004 Lobii
586 1948 681 2017 fidem,
697 1951 768 2004 ultre
810 1953 884 2008 stolis
899 1953 1083 2020 sollicitatam,
1098 1956 1145 2026 qui
1161 1955 1218 2010 Nili
1233 1958 1320 2012 lontcs

257 2032 480 2107 AEqmnoctielem
500 2027 588 2096 sdeo,
610 2043 638 2084 et
655 2031 768 2102 propius
811 2033 901 2087 multis
916 2033 986 2086 ultra
1001 2034 1223 2106 AEquiuoctielem
1236 2036 1323 2108 gradi·

258 2112 416 2188 Cepricorui
434 2110 597 2182 Tropioum,
609 2109 696 2164 sontes
712 2111 769 2163 Nili
811 2113 862 2166 bus
873 2125 1025 2177 removent,
1037 2133 1154 2185 quorum
1164 2117 1321 2170 sententium

258 2202 420 2249 removent:
440 2209 509 2263 quos
529 2187 654 2242 deserunt
676 2207 768 2243 moen-
811 2193 939 2263 peculiari
960 2191 1050 2247 clrsrts
1072 2195 1229 2250 Homsnnus
1247 2197 1322 2250 exhi·

176 2328 183 2348 ,
259 2274 373 2333 tissimi,
389 2270 537 2343 presertim
550 2269 708 2322 Dsuvillius.
812 2271 890 2338 buit,
909 2269 1013 2326 rediere
1032 2273 1128 2328 Hssius
1150 2287 1272 2339 nostres,
1296 2287 1323 2328 et

303 2371 348 2406 rr.
363 2351 472 2406 &cretis
482 2348 772 2415 bicestoccultus,in·
812 2357 931 2406 suminus
953 2351 1035 2405 bodie
1058 2353 1233 2427 Geogrephus
1252 2357 1323 2409 Dun-

260 2433 392 2505 coguitus.
406 2431 490 2484 lucris
503 2417 697 2497 ruminum:
712 2448 771 2483 sus·
812 2431 911 2489 villius.

262 2527 346 2585 apsa.
365 2512 454 2577 Quum
468 2508 599 2563 laboriose
618 2509 671 2561 boc
689 2509 773 2580 egerit
858 2511 1028 2577 14.Aliemun
1039 2513 1211 2568 csehucvocut
1222 2516 1321 2569 Zoncm

261 2591 432 2657 Herodotus,
446 2590 503 2661 ipse
515 2600 623 2656 usmt,
638 2585 713 2641 etde
725 2591 773 2641 Ε-
815 2590 956 2645 torridum.
964 2592 1134 2665 Quin,quod
1141 2613 1207 2664 ougo
1214 2593 1322 2648 demum

262 2674 338 2746 gypsi
360 2671 467 2743 regibus
492 2669 605 2734 Strabo,
630 2668 658 2721 lb
678 2686 719 2720 oe.
738 2666 774 2721 de
816 2672 884 2741 lapsu
899 2670 927 2723 in
946 2671 1047 2745 Libyam
1064 2692 1153 2725 omnem
1174 2673 1321 2746 dispersus,

263 2753 388 2805 omnibus
400 2747 435 2804 sd
444 2767 518 2801 susm
531 2760 634 2801 etatem
646 2747 775 2820 peculiari
816 2768 865 2822 per
878 2750 942 2803 mille
954 2769 1029 2821 regna
1043 2753 1190 2825 AEtbiopum
1204 2774 1269 2806 ruere
1282 2754 1324 2808 di-

264 2849 346 2904 opere
359 2832 400 2885 ls.
416 2828 548 2891 Vossius,
563 2828 610 2899 qui
626 2840 700 2881 recte
715 2828 775 2899 qui·
817 2830 903 2895 citur,
920 2828 1007 2884 videri
1026 2846 1137 2903 possunt
1150 2852 1165 2885 s
1176 2832 1324 2888 Claudisno

264 2910 326 2965 dem
340 2906 408 2961 illud
420 2904 631 2981 admonetknon
643 2924 698 2959 esse
711 2926 776 2979 pro·
817 2909 990 2963 Ptolemaeum
1011 2922 1123 2977 secuto,
1142 2912 1213 2965 ultm
1232 2914 1324 2987 AEqui·

265 2984 776 3065 prieunummsjorumfluminumlon·
818 2990 959 3043 noctislem
977 2992 1109 3045 removeri
1126 2992 1182 3045 Nili
1200 2994 1323 3065 origines.

266 3085 343 3135 tem,
361 3086 442 3122 unum
463 3063 672 3136 scaturiginem,
692 3086 776 3138 quum
818 3068 871 3124 Sed
890 3081 964 3123 curet
981 3070 1032 3123 sibi
1045 3109 1054 3134 ,
1067 3089 1103 3124 ne
1121 3071 1189 3143 quid
1209 3084 1325 3138 statuat,

267 3151 389 3224 pluribus
404 3144 567 3218 ignobilibus
577 3156 604 3196 et
614 3147 722 3199 nomine
733 3164 777 3199 os·
820 3160 867 3203 sut
878 3146 976 3204 diserte
987 3162 1078 3220 ponet.
1093 3150 1168 3205 llnnc
1180 3170 1263 3223 porro
1277 3174 1326 3225 po·

267 3230 388 3285 rentibus
395 3224 580 3279 ririscollectis
588 3222 695 3276 demum
703 3224 778 3296 quod
818 3228 944 3301 pulcrum
957 3230 1167 3297 ensrrstionem,
1180 3233 1223 3285 cui
1234 3234 1326 3287 similis

269 3308 333 3364 inde
343 3306 473 3361 confluxit
483 3322 580 3358 nomen
595 3302 725 3374 accipere,
737 3306 779 3358 iu·
820 3319 859 3361 est
873 3308 955 3366 XXI,
979 3310 1033 3362 233
1045 3348 1053 3377 ,
1067 3329 1122 3363 non
1144 3312 1182 3365 ita
1206 3314 1326 3384 accipio,

269 3386 430 3457 terdumque
445 3383 472 3437 id
489 3386 576 3455 ipsum
592 3401 705 3442 nomen,
725 3385 777 3437 elio
819 3387 893 3458 qussi
904 3387 963 3441 illos
976 3406 1068 3443 omnes
1082 3402 1220 3462 percurrat
1233 3392 1325 3446 Nilus:

269 3460 779 3529 sibi,miuoreetism,sdmixto,smit·
820 3464 896 3538 quod
918 3466 952 3520 de
974 3468 1059 3539 Syene
1077 3482 1103 3522 et
1122 3470 1215 3522 Mente
1234 3490 1327 3525 verum

270 3564 326 3603 tere
339 3547 437 3601 soleat:
451 3540 568 3595 sednon
580 3544 650 3595 bene
662 3541 727 3596 iude
739 3557 779 3597 to·
820 3559 876 3612 est;
893 3544 938 3599 sed
958 3546 1011 3599 boc
1033 3547 1114 3601 rnodo
1129 3550 1197 3602 velle
1218 3551 1328 3605 Poetam

269 3643 327 3684 tum
339 3624 461 3681 studium
475 3620 618 3694 indagandi
630 3623 718 3677 fontes
732 3642 777 3676 vs·
820 3626 952 3691 arbitror,
964 3626 1035 3679 ultra
1047 3627 1106 3680 illos
1120 3629 1235 3701 populos
1246 3650 1328 3685 remo

269 3703 777 3777 nitatissrguss.Ceterumquumtotnm
810 3716 862 3758 ·tos
885 3723 940 3759 esse
967 3705 1021 3759 Nili
1044 3707 1137 3761 fontes.
1161 3708 1328 3783 Quamquam

269 3789 322 3841 hoc
334 3787 475 3858 pendente
490 3782 544 3836 lide
558 3784 721 3847 accolarum,
735 3802 779 3835 eo·
821 3797 882 3855 post
890 3784 1037 3838 mirabilem
1043 3787 1326 3859 Vin-uriiopinionem,

271 3872 398 3936 rumque,
409 3864 454 3935 qui
464 3864 497 3916 sb
506 3863 548 3916 bis
559 3880 699 3933 socepere,
710 3862 778 3915 nibil
822 3876 849 3916 et
866 3864 936 3930 iter,
954 3883 1008 3937 quo
1024 3865 1117 3918 Nilum
1137 3868 1329 3936 circumducit,

270 3944 377 4000 videtur
386 3944 479 3996 melius
492 3960 563 4006 esse,
577 3960 655 4014 quam
670 3959 780 3994 manere
823 3944 900 3996 etism
914 3945 1045 4009 Poete‚et
1054 3945 1242 4014 Alexandrini,
1251 3952 1330 4002 verbs

271 4023 378 4077 interim
391 4022 418 4074 in
433 4022 493 4085 bis,
507 4040 566 4093 qun
582 4021 611 4074 in
626 4020 780 4091 AEthiopics
822 4018 917 4076 audire
926 4025 1139 4096 operaepretium
1152 4038 1201 4080 est.

270 4102 387 4157 Historia
418 4102 529 4171 ejusque
561 4101 777 4167 Commentario,
865 4104 910 4156 15.
924 4104 1001 4166 Μὴ·
1015 4122 1046 4157 ex
1062 4104 1169 4176 regione
1184 4105 1330 4161 meridient
