3034 4900
272 436 349 525 384
495 442 571 511 CL
599 443 908 517 CLAUDIANI
936 446 1103 515 LXXII.

285 630 1329 669 mmmmmmmmmmmmmfflwe

719 874 885 945 LXXII.

428 1108 536 1155 χιιι.
564 1108 617 1155 nn
644 1106 887 1155 onnanrnn
915 1108 964 1156 ar
991 1082 1182 1161 rasura*

272 1268 390 1405 Non
406 1334 537 1420 semper
551 1322 657 1419 clypei
672 1323 887 1394 metuendum
905 1326 1059 1421 gentibus
1076 1329 1191 1400 orbem

268 1430 401 1503 Dilecto
415 1430 561 1502 studiosa
578 1454 697 1526 parcns
712 1430 895 1502 fabricabat
907 1430 1027 1503 Achilli
1042 1460 1052 1521 ;

268 1538 408 1607 Lemnia
421 1562 483 1606 nec
497 1561 627 1633 semper
641 1522 780 1633 sirpplex
794 1538 939 1609 ardentis
954 1539 1066 1610 adibat

222 1654 226 1661 '
268 1646 375 1715 Antra
388 1644 453 1712 Dei
470 1658 550 1714 nato
564 1642 692 1739 galcam
707 1644 836 1715 factura
851 1660 1038 1715 comantem
1055 1672 1064 1715 r

269 1750 335 1821 Sed
349 1747 497 1845 placidos
511 1752 612 1820 ctiam
628 1751 773 1839 cinctus,
788 1764 822 1821 et
835 1752 926 1821 rnitia
940 1754 1033 1847 pacis

268 1860 477 1927 Ornamenta
493 1856 610 1945 dabat,
626 1856 715 1927 bello
728 1856 848 1952 quibus
862 1856 916 1929 ille
930 1874 1066 1954 peracto

268 1964 478 2061 Conspicuus
492 1989 587 2060 reges
603 1966 690 2035 inter
703 1952 853 2059 fulgebat
866 1966 1021 2037 Achivos.

268 2072 347 2166 Ipsa
361 2095 463 2142 manu
476 2070 667 2167 chlamydes
680 2086 774 2143 ostro
787 2071 920 2143 texebat
935 2087 970 2143 et
985 2097 1085 2160 auro,

266 2180 456 2273 Frenaque,
471 2204 544 2275 quae
560 2177 731 2250 volucrem
745 2180 920 2249 Xanthum
937 2178 1132 2275 Baliumque
1145 2177 1320 2270 decerent,

265 2286 411 2379 AEquore
425 2286 568 2379 quesitis
582 2286 743 2355 onerabat
758 2284 872 2355 sedula
887 2288 1034 2380 gemmis.

265 2393 311 2461 At
324 2391 385 2462 tibi
399 2391 554 2477 diversis,
569 2392 727 2489 Princeps
741 2390 916 2480 altissime,
933 2405 1063 2462 certant
1141 2422 1144 2429 ⁴

266 2498 444 2594 Obsequiis
461 2499 588 2570 soceri:
606 2498 743 2568 Stilicho
759 2491 927 2568 Mavortia
943 2497 1075 2567 confert

264 2605 425 2690 Munera,
438 2604 628 2675 barbaricas
643 2619 787 2700 strages,
802 2603 976 2697 Rhenique
991 2602 1199 2698 triumphos3

292 2821 775 2902 'Dechlamydeeefreaoomneqqnnm
818 2830 892 2895 tatis,
912 2830 955 2882 vel
973 2827 1101 2882 maculosi
1123 2823 1251 2898 tergoris,
1276 2849 1336 2886 em

263 2921 352 2963 temen
360 2906 396 2962 tle
405 2909 588 2981 solaresteagi
599 2921 721 2981 apertum
730 2910 773 2966 sit.
819 2910 914 2965 volunt
928 2907 1110 2962 Grammatici.

252 2986 264 3001 ’
305 3008 330 3043 2.
346 2988 509 3052 Fabricahat,
528 3001 558 3042 nt
573 2991 718 3044 sexcenties
728 2993 774 3059 fa·
862 3007 907 3044 ro.
925 2986 1029 3041 Alludit
1048 2985 1081 3040 ad
1099 2985 1165 3051 boc,
1183 2985 1257 3058 quod
1275 3007 1334 3044 me-

262 3089 314 3122 cere
324 3069 375 3122 sibi
385 3080 498 3134 vestem,
508 3067 637 3142 oedficarae,
648 3088 672 3124 e.
682 3070 701 3123 i.
711 3089 737 3142 g.
747 3091 774 3126 a.
817 3070 875 3123 rina
887 3071 942 3122 Dea
952 3067 1046 3122 Thetis
1054 3067 1083 3120 in
1092 3079 1226 3138 potestate
1235 3069 1335 3124 babuit

262 3149 356 3204 Thetis
368 3149 472 3221 rogarit
482 3150 633 3202 Vulcanum
649 3163 680 3202 ut
697 3151 776 3205 fabri·
819 3150 899 3204 meris
911 3147 1025 3201 divitias.
1037 3179 1077 3190 --
1093 3147 1290 3220 Orrahatvulg.

262 3240 335 3284 caret
346 3241 549 3301 :argumentum
556 3229 633 3283 bone
642 3231 725 3301 pertis
736 3238 774 3285 Ιλ.
862 3248 907 3284 rr.
921 3230 1033 3292 Diversi,
1047 3227 1164 3281 Floreat.

246 3323 291 3372 -σ,
302 3328 318 3363 a
331 3327 356 3362 v.
371 3312 438 3380 478.
448 3310 488 3361 De
497 3309 569 3380 galet
581 3310 618 3362 ib.
636 3313 704 3364 610.
716 3311 775 3364 Hoc
861 3328 906 3363 υ.
922 3309 1056 3380 Obsequiis.
1066 3308 1140 3368 Socer
1149 3327 1193 3371 en,
1209 3309 1281 3379 vulg.
1291 3339 1333 3352 --

262 3387 297 3442 de
309 3389 426 3442 vestibus
438 3400 465 3442 et
477 3388 559 3442 frenis
570 3389 661 3442 nescio
672 3408 706 3442 en
720 3403 774 3446 tra·
818 3389 877 3442 Hoc
886 3390 1047 3462 epigramma
1053 3389 1184 3460 scriptum
1190 3405 1246 3442 esee
1252 3387 1333 3440 debet

260 3467 348 3522 ditum
360 3468 395 3521 sit
410 3487 417 3520 r
432 3481 504 3522 certe
517 3469 691 3541 probabiliter
702 3489 775 3524 snm·
818 3470 953 3540 aliquanto
971 3482 1033 3540 post
1047 3467 1119 3533 duo,
1136 3487 1196 3540 que
1211 3467 1332 3539 proxime

260 3560 368 3621 ptume
381 3548 501 3602 moribus
516 3549 683 3603 Graecorum.
817 3548 980 3621 precedunt.
995 3549 1028 3600 lu
1041 3549 1094 3602 illis
1108 3548 1180 3602 enirn
1193 3565 1269 3600 soror
1283 3545 1332 3598 Sc·

303 3634 330 3692 4.
347 3627 467 3682 Fructum
487 3627 563 3682 Mss.
580 3642 685 3700 pactum
703 3633 774 3701 conj.
819 3647 883 3682 rena
897 3629 970 3682 misit
987 3629 1113 3682 fratribus
1126 3627 1182 3680 suis
1195 3643 1329 3679 munera:

262 3708 354 3763 Heins.
818 3709 863 3763 hic
876 3727 967 3762 socrru
979 3722 1019 3761 est
1036 3707 1159 3762 Honorii.
1173 3705 1277 3776 Nempe
1289 3725 1331 3757 so·

303 3789 328 3842 5.
343 3788 437 3843 Numa
451 3787 527 3841 MSS.
541 3791 626 3841 inania
638 3789 696 3842 MS.
708 3790 774 3842 binc
817 3791 866 3840 ceri
872 3801 934 3842 sunt
940 3787 1054 3842 Honorii
1062 3785 1198 3858 perfiliem
1205 3783 1331 3840 Mariam.

263 3871 362 3920 inermia
377 3870 447 3941 conj.
462 3867 553 3922 Heius.
817 3869 861 3922 Sic
873 3870 930 3941 ipse
942 3869 1017 3937 Virg.
1030 3869 1092 3919 AEn.
1105 3867 1148 3930 11,
1165 3862 1232 3935 457.
1245 3865 1330 3918 Cete-

304 3966 331 4015 9·
344 3952 432 4011 Ξάνθος
441 3961 467 4002 et
476 3950 562 4011 Βαλὶος
571 3949 680 4002 nomine
691 3966 774 4019 equo·
818 3967 879 4002 rum
892 3945 1030 4020 splendida
1045 3945 1201 4000 mttitbeeis:
1216 3943 1331 3996 Stilicho

263 4043 324 4077 rnru
342 4027 452 4080 Achillis
467 4035 502 4079 Ιλ.
518 4049 554 4086 π,
573 4036 643 4098 149,
658 4047 774 4099 quornm
819 4028 936 4083 victoriis
952 4045 982 4081 ac
999 4024 1141 4098 triumphis
1157 4037 1183 4077 te
1197 4023 1328 4084 honorat,

263 4102 330 4158 illud
347 4104 443 4158 coloris
461 4106 592 4177 spadioei,
610 4108 664 4162 hoc
681 4108 774 4161 celeri·
820 4107 915 4196 Serpens
924 4103 1235 4160 muneribustextilibur.
