3034 4900
293 468 363 515 110
504 445 578 513 uu.
607 396 907 513 ceruorum
935 446 1127 515 xxvru.

287 581 399 671 Turpe
414 576 533 645 retexit
548 576 619 643 iter.
635 572 751 663 Qualis
766 575 904 668 piratica
920 578 1057 669 puppis,

287 686 389 775 Quae,
405 682 532 753 cunctis
548 680 674 749 infensa
689 680 797 764 fretis,
814 679 1038 775 scelerumque
1054 683 1173 753 referta

285 791 436 872 Divitiis,
452 786 636 880 multasque
653 786 709 853 diu
725 784 883 880 populata
899 788 1045 875 carinas,
1083 812 1087 818 ’

284 896 407 965 Incidit
422 896 456 962 in
472 916 626 987 magnam
643 890 909 987 bellatricemque
925 896 1108 979 triremem;
1132 938 1135 945 ·

285 1005 376 1070 Dum
398 998 542 1094 praedam
562 998 604 1067 de
625 1022 718 1067 more
737 1011 848 1092 parat,
862 999 1062 1093 viduataque
1085 1002 1176 1071 caesis

286 1106 504 1201 Remigibus,
527 1106 634 1173 scissis
651 1102 801 1172 velorum
822 1103 937 1174 debilis
958 1103 1035 1188 alis,

287 1214 379 1282 Orba
401 1209 626 1307 gubernaclis,
640 1212 790 1279 antennis
811 1211 918 1279 saucia
938 1209 1069 1296 fractis,

286 1317 480 1388 Ludibrium
498 1315 605 1411 pelagi
623 1328 724 1383 vento
738 1316 883 1407 jactatur
899 1330 933 1384 et
950 1315 1055 1403 unda,

247 1435 259 1459 '·
284 1428 424 1493 Vastato
440 1421 573 1492 tandem
595 1444 710 1516 poenas
728 1420 849 1489 luitura
871 1421 1045 1515 profundo.

337 1528 424 1597 Talis
440 1528 482 1597 ab
499 1526 592 1597 Urbe
608 1528 713 1596 minas
734 1540 824 1597 retro
846 1526 1000 1597 flectebat
1015 1529 1127 1597 inanes

284 1635 412 1705 ltaliam
428 1634 571 1728 fugiens,
589 1648 624 1701 et
639 1658 712 1726 quae
732 1634 940 1703 venientibus
955 1648 1031 1702 ante

284 1744 392 1810 Prona
414 1738 492 1826 luit,
503 1740 572 1831 jam
592 1736 751 1825 difficilis,
768 1739 835 1831 jam
857 1739 941 1807 dura
959 1740 1107 1808 reversis.

285 1846 405 1917 Clausa
419 1859 514 1939 putat
531 1843 592 1913 sibi
610 1859 730 1913 cuncta
750 1868 876 1938 pavor,
891 1860 1047 1940 retroque
1066 1844 1212 1927 relictos,
1276 1923 1279 1928 ,

284 1954 379 2041 Quos
396 1950 497 2019 modo
513 1949 699 2036 temnebat,
715 1949 845 2018 rediens
866 1952 1037 2020 exhorruit
1054 1976 1176 2020 amnes.

283 2059 421 2128 Undosa
439 2070 510 2125 tum
529 2055 614 2124 forte
632 2055 732 2124 domo
744 2056 924 2151 vitreisque
943 2042 1004 2126 sub
1018 2059 1137 2145 antris,

284 2167 409 2234 Rerum
426 2164 561 2256 ignarus
574 2159 702 2248 adhuc,
716 2164 865 2255 ingentes
884 2176 1019 2257 pectore
1038 2187 1134 2233 curas

284 2270 449 2341 Volvebat
466 2283 561 2362 pater
580 2267 763 2354 Eridanus,
783 2270 856 2361 quis
875 2267 961 2337 bella
981 2282 1131 2337 maneret

283 2378 420 2461 Exitus,
435 2374 653 2468 imperiumne
669 2374 765 2460 Jovi,
781 2371 932 2470 legesque
949 2372 1131 2470 placerent,
1198 2453 1201 2463 Ι

282 2483 328 2551 Et
347 2483 422 2549 vitae
437 2481 589 2548 Romana
607 2481 716 2572 quies,
738 2505 782 2548 an
800 2483 875 2575 jura
892 2505 1028 2576 perosus

284 2586 336 2657 Ad
357 2588 482 2681 priscos
504 2585 668 2679 pecudum
682 2585 855 2655 damnaret
872 2585 988 2654 saecula
1009 2587 1100 2654 ritus.

282 2799 375 2848 versari
388 2793 470 2847 cardo
483 2794 541 2865 ipse
554 2794 670 2847 dicitur:
686 2793 735 2848 sed
747 2795 790 2846 de-
834 2793 936 2866 placuit
943 2793 1042 2858 Plinio,
1049 2795 1113 2848 Pan.
1122 2794 1204 2860 XVI,
1214 2793 1229 2847 5
1236 2811 1244 2847 t
1257 2820 1268 2843 ι
1280 2794 1343 2848 Om-

277 2879 334 2947 jr'ct',
341 2875 427 2928 revolvi
433 2872 643 2927 eubnt'neobvium
650 2877 789 2928 etolarum.
834 2874 879 2927 nia
893 2875 949 2927 buc
965 2887 1017 2927 tam
1033 2893 1135 2946 prona,
1154 2887 1206 2928 tam
1222 2873 1342 2928 cedentia

326 2957 390 3009 132.
409 2956 505 3007 detexit
516 2956 574 3016 iter,
589 2954 697 3025 relegit,
707 2967 791 3008 meta·
835 2953 977 3007 virtutibus
991 2953 1042 3006 tuit
1055 2955 1165 3021 sentiet,
1176 2967 1226 3006 etc.
1241 2980 1252 3001 ι

282 3036 366 3108 phora
385 3034 514 3107 pulchra,
531 3052 585 3085 nou
598 3031 742 3104 judicanda
759 3051 792 3086 ex
877 3035 1043 3098 sufflator,
1058 3031 1086 3086 id
1099 3033 1284 3099 cst,Alaricus
1294 3053 1341 3106 pa·

282 3116 379 3169 nostris
390 3115 510 3167 moribus
520 3151 528 3178 ,
539 3111 585 3165 sed
599 3131 631 3166 ex
641 3114 713 3166 illius
726 3131 792 3166 oon·
834 3132 913 3179 rens,
927 3113 1038 3177 timens,
1051 3113 1139 3166 omnia
1152 3114 1238 3166 clausa
1253 3127 1340 3186 putat:

282 3193 422 3249 suetudine
436 3193 578 3264 temporis,
591 3211 646 3263 quo
658 3193 731 3244 nulla
742 3191 791 3244 do·
834 3211 896 3245 nam
909 3193 997 3245 omnia
1011 3207 1121 3262 augusta
1133 3194 1270 3246 metuenti.
1374 3205 1380 3218 ·

282 3293 341 3327 mus
364 3288 450 3337 esset,
473 3291 562 3344 neque
586 3284 638 3325 tam
660 3271 790 3336 humilis,
878 3270 1341 3343 148.Eridanuminducit,quodres

281 3373 367 3424 neque
378 3366 432 3405 tam
444 3351 597 3422 magnilica,
611 3369 669 3422 quae
679 3370 734 3403 nou
743 3352 790 3404 ha·
834 3351 861 3402 in
870 3351 998 3422 superiori
1010 3364 1085 3422 parte
1093 3352 1176 3406 Italiae
1183 3390 1191 3416 ,
1200 3353 1246 3403 ubi
1255 3349 1341 3402 Padus

185 3479 190 3489 .
280 3433 355 3485 beret
370 3433 531 3497 textrinum,
550 3433 624 3502 cujus
637 3431 727 3502 operis
740 3449 790 3482 nec
833 3443 925 3500 regnat
936 3449 956 3483 s.
969 3429 1115 3496 Eridanus,
1127 3445 1198 3502 gesta
1208 3442 1254 3482 est.

280 3511 382 3582 reginas
403 3508 535 3581 puderet,
559 3529 618 3581 quai
643 3527 689 3562 sua
708 3527 790 3562 manu
876 3509 937 3562 150.
949 3510 1093 3580 Epitheton
1103 3512 1210 3561 Romana
1218 3509 1295 3562 etiam
1307 3507 1340 3560 ad

279 3605 364 3644 vestes
384 3603 476 3643 texere
499 3590 552 3642 auia
571 3589 724 3643 caritatibus
741 3587 789 3641 de·
834 3591 955 3660 imperium
967 3601 993 3641 et
1005 3589 1067 3659 leges
1079 3585 1266 3642 revocandum.

279 3689 372 3725 corum
386 3668 436 3722 sibi
449 3681 584 3738 putarent.
875 3667 937 3720 151.
946 3669 1096 3731 Damnatam
1104 3686 1136 3720 an
1145 3667 1251 3739 Jupiter
1259 3667 1341 3720 offen·

322 3757 387 3812 140.
403 3747 520 3803 Videtur
534 3748 678 3820 respexisse
692 3747 787 3801 Horat.
832 3765 875 3798 sus
889 3745 1027 3801 dumnmet
1042 3750 1175 3801 Romanos
1193 3745 1226 3800 ad
1241 3747 1340 3800 victum

279 3829 459 3895 Carru.l,14‚
469 3826 537 3882 illud
546 3827 691 3900 praesertim
699 3845 725 3878 v.
737 3825 786 3878 15:
830 3825 961 3890 serarum,
976 3827 1060 3897 qualis
1076 3828 1129 3882 vita
1141 3828 1279 3881 bominum
1292 3825 1340 3880 sub

282 3908 338 3969 Tu,
353 3910 440 3972 navis,
453 3913 501 3962 nbi
513 3912 591 3960 ventis
607 3905 734 3960 ludibrium
746 3903 787 3956 de·
830 3905 946 3957 Saturno
960 3905 1040 3960 fuisse
1057 3905 1163 3960 dicitur.
1176 3937 1217 3952 «-
1230 3906 1337 3966 Secuta,

279 3985 334 4048 hs,
347 4005 411 4038 cave.
829 3983 951 4038 homines
964 3986 1009 4056 qui
1021 4000 1083 4046 eunt
1092 3986 1120 4039 in
1131 3987 1242 4041 aesculo:
1256 3985 1339 4038 oonti·

322 4065 385 4129 143.
398 4063 469 4117 Illud
480 4085 558 4134 prona
573 4067 652 4119 edam
665 4066 694 4118 in
707 4083 785 4136 prosa
828 4079 893 4118 nens
907 4082 958 4136 pro
973 4079 1108 4120 contento.
