3034 4900
281 487 355 561 236
513 495 588 563 CL.
617 495 920 564 CLAUDIANI
947 494 1110 562 XXXV.

280 625 397 710 Miles,
415 640 449 696 et
465 625 576 699 effossi
595 628 708 699 subter
727 629 917 699 frmdamina
935 631 1044 722 campi

281 731 437 802 Transilit
454 733 563 804 elusos
585 759 706 806 arcano
727 735 829 806 limite
848 761 977 821 muros,

280 840 456 935 Turbaque
476 841 630 937 deceptas
650 844 771 912 victrix
788 844 933 937 erumpit
950 843 985 910 in
1002 864 1112 928 arces,

279 948 475 1040 Terrigenas
494 950 622 1018 imitata
639 951 728 1020 viros
747 975 754 1016 :
775 951 821 1018 sic
840 950 955 1019 tertius
971 949 1067 1017 heres

280 1054 415 1122 Saturni
435 1054 598 1124 latebrosa
616 1058 708 1149 vagis
726 1057 865 1125 rimatur
881 1055 1020 1124 habenis

281 1161 407 1250 Devin,
429 1160 612 1231 fraternum
633 1163 770 1258 cupiens
787 1163 875 1231 exire
896 1161 958 1230 sub
979 1160 1104 1230 orbem.

278 1268 386 1334 Ianua
403 1266 494 1337 nulla
515 1282 630 1362 patet:
652 1268 874 1364 prohibebant
890 1267 1034 1361 undique
1052 1291 1150 1361 rupes
1307 1311 1349 1351 ψ,

279 1374 466 1467 Opposita,
484 1374 632 1470 duraque
653 1378 764 1444 Deum
785 1399 947 1470 compage
968 1373 1135 1441 tenebant.

334 1480 412 1549 Non
432 1479 507 1549 tulit
526 1479 581 1550 ille
599 1505 726 1569 moras,
744 1481 998 1578 indignatusque
1015 1477 1133 1548 trabali

281 1585 366 1653 Saxa
385 1585 462 1655 ferit
479 1601 610 1683 seeptro
628 1615 636 1655 :
656 1587 776 1658 Siculae
793 1602 932 1657 tonuere
949 1610 1113 1670 cavernae3

277 1691 446 1761 Turbatur
464 1695 602 1789 Lipare3
618 1695 745 1789 stupuit
764 1693 900 1764 fornace
919 1691 1032 1762 relicta

278 1797 459 1886 Mulciber,
479 1815 513 1869 et
534 1800 682 1896 trepidus
704 1800 825 1894 dejecit
843 1797 981 1869 fulmina
997 1796 1150 1892 Cyclops.
1307 1828 1348 1880 ηε

279 1905 410 1992 Audiit,
430 1920 463 1974 et
485 1909 512 1975 si
531 1931 630 2001 quern
649 1905 770 2003 glacies
788 1905 909 2001 Alpina
929 1919 1080 1991 coercet,

278 2013 324 2080 Et
340 2013 397 2106 qui
413 2027 463 2100 te,
482 2014 586 2082 Latiis
607 2013 757 2082 nondum
779 2014 955 2108 praecincte
975 2012 1107 2105 tropaeis

278 2119 388 2209 Tibri,
405 2133 516 2206 natat,
536 2123 735 2215 missamque
752 2120 844 2190 Pado
861 2120 918 2214 qui
939 2119 1079 2212 remigat
1098 2113 1221 2185 alnum.

278 2328 351 2383 drlni
367 2331 481 2403 leporis,
500 2333 621 2404 ὀξὺμυρον
640 2330 791 2404 quoddam,
833 2332 915 2386 babet
927 2330 1080 2402 imperinm.
1090 2357 1123 2372 -·
1140 2328 1190 2381 Sex
1199 2346 1246 2399 per
1256 2327 1345 2382 ardon.

279 2407 479 2482 deprehendere
492 2429 499 2465 :
512 2432 590 2465 muros
608 2415 713 2466 namittt
726 2431 790 2485 pro·
877 2430 941 2483 17²·
957 2410 1016 2466 Non
1029 2411 1086 2463 tulit
1099 2428 1195 2472 morum
1210 2427 1266 2462 non
1282 2409 1347 2463 tulit

279 2492 353 2561 prie,
364 2493 412 2563 qui
422 2493 491 2546 saltu
499 2512 526 2546 ee
537 2511 615 2564 supra
627 2494 686 2546 illos
694 2493 789 2557 librat3
833 2493 969 2546 obstacula
984 2509 1092 2546 cursum
1107 2508 1186 2542 snum
1200 2490 1345 2543 morantia.

278 2571 323 2623 hie
340 2590 417 2641 aero,
433 2573 480 2644 qui
494 2572 564 2627 infra
579 2584 606 2626 et
622 2573 713 2625 subter
730 2574 791 2625 illoa
836 2573 939 2624 Trabalr'
958 2583 1066 2642 somno,
1086 2582 1159 2625 vasto
1180 2579 1207 2620 et
1223 2568 1345 2638 ingenti,

279 2663 420 2723 postquem
430 2654 558 2725 reptavit,
567 2652 656 2706 subito
666 2653 737 2706 intra
747 2671 792 2705 ur·
832 2651 916 2705 instar
928 2652 1019 2705 trabis.

279 2732 340 2783 bern
355 2732 464 2785 exsistit.
876 2738 940 2801 174.
959 2732 1061 2801 Ilipam
1078 2728 1224 2782 insularum
1243 2726 1349 2780 folia--

323 2814 387 2881 167.
401 2810 530 2864 Cadmeas
541 2812 635 2865 fratres
650 2810 790 2882 intelligit,
832 2830 894 2865 rum
910 2810 1024 2865 maxima
1040 2829 1048 2863 ε
1066 2808 1150 2862 AEolia
1168 2819 1256 2859 antem
1273 2818 1344 2859 este

280 2908 301 2942 s.
312 2902 416 2960 spartos
428 2890 487 2943 illoe
498 2892 545 2961 qui
554 2911 585 2944 ex
595 2889 722 2945 dentibus
731 2890 791 2944 dra-
831 2891 940 2963 regione
951 2890 1095 2943 Sicilim-
1103 2888 1180 2941 Illam
1192 2886 1307 2939 Vulcani
1316 2898 1345 2939 et

277 2969 352 3023 conis
370 2988 385 3022 e
401 2968 503 3024 Cadmo
518 2971 652 3024 nominatis
669 2970 705 3024 de
720 2983 790 3024 terra
831 2972 984 3042 Cyelopum
996 2970 1131 3023 officinam
1143 2966 1271 3021 describit
1282 2966 1343 3019 cat·-

277 3050 349 3102 enati
378 3048 523 3113 dicuntur,
548 3064 575 3104 et
601 3070 666 3103 mox
689 3050 790 3104 mutuis
830 3051 888 3105 liam
902 3051 937 3104 Η.
953 3052 983 3103 in
998 3050 1111 3102 Dianam
1127 3052 1172 3111 46.
1190 3044 1243 3100 Sed
1257 3045 1343 3100 multo

278 3130 434 3183 vulneribus
456 3130 566 3202 periisse
589 3148 596 3183 :
621 3150 679 3201 qum
701 3132 791 3185 fabula
831 3132 954 3203 copiosus
967 3129 1044 3201 Virg.
1059 3132 1121 3181 AEn.
1135 3128 1222 3191 VIII,
1239 3128 1303 3190 416.

278 3208 376 3265 deinde
386 3211 507 3265 elaeone
515 3228 625 3283 qnoque
633 3222 697 3265 acta.
704 3211 791 3263 Utris-
876 3214 939 3281 176.
949 3209 1061 3270 Coercm
1067 3208 1164 3280 populi
1170 3205 1288 3277 Inalpini
1295 3222 1344 3277 per

278 3308 330 3361 que
345 3290 397 3344 hoc
410 3310 510 3344 nomen
526 3291 621 3344 tribuit
635 3291 721 3356 Naso,
736 3290 790 3343 illis
831 3290 949 3343 hiemem
969 3308 1024 3342 non
1045 3300 1189 3360 vagantur.
1210 3284 1256 3340 sed
1274 3286 1344 3337 inter

276 3369 343 3423 Met.
357 3372 414 3437 111,
429 3374 498 3436 118,
512 3372 553 3425 bie
564 3372 648 3443 Epist.
658 3372 726 3434 XII,
739 3389 787 3440 99.
831 3370 969 3441 speluncas
984 3388 1012 3423 ee
1028 3379 1119 3421 tenent
1136 3378 1229 3419 nonna
1242 3364 1344 3418 acerbi·

281 3450 377 3501 Tertiur
385 3452 451 3502 lieres
459 3450 562 3503 Saturni
570 3464 610 3505 est
618 3451 679 3516 Dis,
689 3442 790 3504 scilicet
831 3462 914 3503 tatem
925 3449 1042 3520 frigoris.

278 3528 371 3593 Pluto,
383 3543 443 3602 post
452 3530 549 3585 Iovem
560 3542 587 3584 et
598 3530 764 3602 Neptunum.
875 3530 936 3599 178.
949 3526 1033 3594 Quod
1047 3526 1124 3579 bibere
1139 3524 1202 3577 alias
1216 3522 1345 3577 dicuntur

327 3613 391 3664 168.
415 3609 664 3681 Habentslrr'matur,
692 3610 789 3682 quibus
831 3608 926 3663 accola
947 3607 1044 3662 fluvios
1067 3624 1144 3669 auos,
1167 3604 1213 3657 hic
1235 3616 1345 3658 venuste

277 3708 350 3743 nunc
359 3690 388 3743 in
397 3688 521 3743 dextrum
528 3708 603 3742 nunc
613 3691 642 3742 in
652 3690 789 3743 sinistrum
831 3701 935 3742 nataae:
945 3707 1029 3760 quum
1038 3684 1185 3759 praesertim
1194 3684 1223 3736 in
1233 3702 1345 3737 consue·

276 3767 345 3823 latua
367 3772 420 3842 agit
442 3788 538 3841 equom
559 3789 632 3823 nunc
655 3769 788 3835 imminit,
832 3769 938 3822 tissimia
966 3771 1150 3821 Romanorum
1171 3762 1346 3818 'exercitatio-

275 3866 348 3901 nune
359 3852 468 3916 retinet,
481 3849 524 3902 vel
534 3861 606 3903 retro
618 3851 679 3921 agit.
688 3880 728 3893 --
738 3851 786 3901 Te·
830 3848 911 3901 nibus
931 3849 1012 3901 fuerit
1025 3857 1139 3899 natatur.
1153 3846 1258 3907 Taceo,
1272 3840 1347 3913 quod

276 3927 458 4001 nebrnsavulg.
472 3928 520 3983 sed
532 3930 714 4001 latebrosajum
726 3929 785 3982 llas.
830 3928 909 3982 etiarn
935 3939 1007 3979 natat
1033 3938 1105 3978 uncta
1137 3928 1223 3976 carina
1247 3921 1343 3991 virgil.

278 4024 359 4076 marg.
830 4006 1031 4076 AEn.1v‚398
1051 4003 1345 4069 :ethabuitlricprae

318 4092 380 4154 169.
399 4087 541 4140 Fraternum
558 4089 636 4140 orbem
641 4109 651 4152 ,·
668 4088 717 4140 sub
737 4106 786 4140 caa-
830 4088 913 4141 oculis
926 4089 1031 4152 Noster,
1047 4084 1203 4137 observante
1216 4079 1347 4142 Heinsio,

275 4162 345 4229 lum,
359 4166 405 4221 ubi
417 4166 538 4235 Jupiter,
553 4168 674 4221 Plutonia
688 4167 784 4232 frater,
830 4168 865 4223 G.
881 4168 922 4234 11,
944 4166 1017 4233 451,
1037 4168 1162 4216 torrentem
1182 4160 1268 4214 undam
1285 4158 1344 4212 levia
