3034 4900
423 431 492 500 nn
519 432 591 500 cn.
620 429 947 500 neroniano.
1137 429 1208 529 337

216 559 324 634 1523·
344 565 487 631 Veneta.
509 565 597 656 Opp.
621 565 654 646 4.
1200 659 1208 674 .

212 699 451 773 11301ωο.
475 703 506 774 8.
530 701 580 772 01.
602 700 1029 786 01111111111111111111,
1052 719 1214 800 quotquot

19 828 20 833 ¹
155 822 266 878 nostra
287 807 350 876 hac
371 822 565 902 tempestate
585 822 730 892 exstant,
747 805 917 902 Opuscula
932 831 983 902 ap.
1003 809 1214 882 8111101100-

153 912 294 984 linaeum.
313 907 379 1003 (ln
403 913 506 982 Catal.
533 913 614 983 Bibl.
641 913 858 1002 Sermiana,
883 913 981 983 editio
1006 939 1215 1012 summopere

154 1033 309 1088 accurata
331 1010 484 1110 dicitur)

212 1157 320 1246 1534.
347 1161 513 1247 Basileoe,
545 1160 578 1230 8.
607 1157 657 1230 Cl.
684 1159 856 1229 Claudiani
882 1175 987 1256 poetae
1013 1159 1217 1234 celeberrimi
1265 1218 1266 1229 ,

153 1266 282 1352 omnia,
297 1290 370 1360 quae
388 1266 519 1358 quidem
539 1279 685 1352 exstant,
700 1290 801 1360 opera
821 1265 863 1336 ad
881 1281 1030 1335 veterum
1048 1270 1215 1366 exempla·

154 1372 238 1442 rium
258 1370 357 1441 fidem
377 1396 476 1466 quam
494 1372 567 1439 lieri
584 1371 693 1466 potuit
708 1371 970 1443 emendatissime
986 1398 1122 1463 excissa,
1138 1401 1216 1445 ver·
1292 1463 1296 1471 .

153 1477 242 1546 sibus
261 1479 368 1558 ,etiam
395 1473 539 1570 aliquot,
564 1476 745 1546 eorundem
773 1477 953 1567 beneficio,
978 1503 1077 1574 super
1103 1506 1216 1554 omncs
1314 1524 1317 1540 ι

153 1583 312 1678 hactenus
334 1583 492 1666 editiones
509 1585 648 1676 sparsim
666 1583 884 1679 locupletata,
904 1610 945 1654 ex
961 1583 1021 1654 aad.
1040 1589 1089 1655 Jo.
1107 1589 1216 1658 Bebe-

154 1691 202 1757 lia'.
212 1729 266 1738 -
276 1687 421 1758 Michael
435 1691 639 1784 Isr‘rzgrr'rzr'us
653 1689 808 1785 praefatus
822 1706 889 1778 est,
906 1689 1101 1786 laudataque
1111 1695 1217 1764 Vien-

153 1795 246 1863 nensi
268 1794 319 1863 ed.
342 1797 392 1864 Jo.
415 1797 598 1881 Camertis,
621 1796 868 1866 emendatorem
891 1797 992 1865 Mich.
1018 1801 1216 1882 Brennum,

154 1901 212 1996 qui
230 1899 398 1996 exemplar
418 1926 438 1969 a
458 1903 621 1996 Capitone
642 1901 886 1996 suppeditatum
910 1901 1110 1994 contulerat,
1128 1907 1217 2000 ejus-

153 2031 219 2101 que
236 2003 421 2076 Claudiano
439 2007 606 2076 immortui
626 2031 847 2078 successorem
866 2009 916 2076 Jo.
933 2011 1123 2079 Homerum
1142 2011 1220 2081 huic

154 2110 289 2182 editioni
309 2112 477 2207 prefuisse
496 2129 666 2183 memorat.
685 2115 843 2191 Bentinus
860 2115 1000 2183 Erasmo
1018 2141 1085 2184 non
1103 2115 1222 2186 lauda,-

154 2233 218 2287 tur.
240 2217 340 2287 Plura
361 2220 529 2288 Gesnerus
553 2219 595 2288 de
618 2220 682 2290 hac
702 2214 752 2288 ed.
776 2219 898 2306 nolent,
923 2247 963 2290 en
988 2221 1106 2317 quibus
1131 2221 1222 2292 haud

155 2323 238 2392 adeo
263 2321 505 2394 contemnenda
526 2325 674 2414 videtur,
698 2341 797 2420 atque
825 2327 977 2396 Heinsius
1003 2327 1037 2396 in
1060 2327 1152 2422 praef.
1179 2329 1222 2398 ad

155 2430 273 2501 Claud.
296 2456 392 2501 suum
414 2432 639 2526 posteriorem.

214 2568 322 2645 1535.
339 2572 542 2667 Gryphium
553 2577 588 2661 1,
600 2572 709 2667 lugd.
728 2573 761 2642 8.
779 2597 830 2667 ap.
848 2574 925 2643 Seb.
940 2574 1129 2668 Gryphium
1144 2568 1222 2672 (per

154 2683 224 2749 Pet.
249 2678 414 2749 Crinitum
439 2692 474 2747 et
496 2681 536 2751 R.
563 2682 608 2747 Μ.
629 2677 904 2765 Volaterranum,
923 2683 980 2772 qui
998 2680 1221 2753 Basileensenn

156 2785 265 2854 fecem
281 2776 402 2871 basin).
421 2787 482 2853 aa
501 2787 536 2855 a
556 2782 637 2856 1111.
657 2784 856 2882 orariam.
878 2783 942 2853 vn.
964 2800 998 2855 et
1016 2786 1121 2857 naar.
1139 2786 1221 2859 aar.
1318 2769 1322 2777 '

154 2890 317 2962 Schwarz.
333 2892 367 2960 in
384 2888 460 2960 coll.
477 2890 530 2960 ed.
546 2890 673 2985 Gryph.
692 2913 723 2959 n.
745 2889 863 2978 1860,
875 2915 958 2985 pag.
982 2889 1063 2961 153.

217 3026 326 3098 1536.
345 3028 558 3113 Burcr'dioeir,
582 3031 615 3112 4.
635 3028 677 3097 de
695 3042 792 3121 raptu
813 3030 1025 3123 Proserpinae.
1046 3032 1096 3099 Ex
1115 3031 1220 3101 Catal.

158 3132 244 3202 Bibl.
265 3132 439 3204 Hulsianae.
463 3134 597 3220 Lerdoe,
624 3132 731 3226 1730.
795 3138 799 3145 '

217 3260 325 3335 1538.
343 3264 393 3334 Cl.
409 3268 496 3361 Opp.
512 3266 623 3362 Lugd.
641 3266 673 3335 8.
691 3292 718 3334 c.
736 3291 769 3332 11.
788 3266 834 3333 Μ.
851 3266 1067 3337 Ant'Delrro.
1085 3271 1134 3337 Ex
1150 3270 1221 3337 Cat.

159 3367 241 3440 Bibl.
261 3368 382 3439 Bodlei.
403 3374 509 3440 Onon.
537 3370 643 3468 1738.

218 3502 326 3601 1539.
345 3506 453 3575 Basr'l.
470 3509 505 3591 4.
527 3510 600 3575 lan.
619 3506 802 3575 Parrhasii
820 3506 853 3573 in
871 3505 1043 3574 Claudiani
1065 3504 1106 3575 de
1127 3524 1223 3601 raptu

159 3612 366 3706 Proserpina
378 3610 479 3680 libros
491 3613 757 3681 Commentarius
768 3636 843 3681 cum
859 3624 968 3679 textu:
982 3615 1119 3681 accessit
1130 3612 1225 3683 Clau·

160 3717 248 3788 iliani
267 3718 334 3786 vita
355 3716 398 3785 ab
420 3716 541 3787 eodem
560 3719 699 3813 scripta,
719 3720 752 3785 in
774 3716 908 3785 officina
926 3718 1063 3787 Roberti
1081 3723 1223 3791 Water.

164 3826 220 3891 Est
236 3824 270 3889 in
288 3822 370 3894 Bibl.
390 3848 458 3917 reg,
477 3824 576 3909 Paris.

221 3952 326 4040 1548.
350 3956 553 4050 Gryphium
569 3957 746 4051 II‚.hagd.
772 3980 825 4031 11.
847 3980 898 4049 ap.
924 3956 997 4043 Seb.
1018 3958 1224 4052 Gryphium

162 4063 314 4154 repetitio
333 4061 481 4154 primes
494 4060 577 4133 535.
786 4088 790 4139 ρ
1020 4136 1024 4147 ,
