3034 4900
344 458 419 546 aar.
526 422 530 431 ’
598 458 831 527 uorrrrr
855 459 1154 530 strunium

615 651 747 719 AETAS
766 653 817 718 ΙΙ.
846 648 942 722 1510
961 685 1013 700 —
1037 647 1145 746 1571.

395 836 683 904 Atucausensis
701 832 849 920 ordiens,
865 856 925 928 per
939 835 1127 904 Juurruaus
1145 859 1170 902 s.
1189 833 1260 929 ejus
1277 848 1390 904 curato·

343 967 414 1011 rem
433 943 508 1009 Ant.
531 943 648 1009 Franc.
671 939 931 1025 Varcbt‘ertsem,
951 953 985 1008 ot
1001 941 1192 1030 damnum,
1212 943 1264 1010 cui
1280 939 1392 1035 'praeluit

227 1037 230 1043 ’
254 1048 257 1053 ’
345 1053 460 1118 Franc.
478 1047 672 1132 Asamum,
694 1059 831 1134 omata3
848 1061 969 1141 praeter
988 1071 1071 1141 quos
1090 1045 1194 1116 Mich.
1215 1052 1390 1142 Ismgrtms

344 1180 422 1225 cum
443 1152 546 1222 Mich.
568 1133 714 1223 bertino
737 1167 771 1221 et
792 1156 841 1222 Jo.
864 1157 1022 1222 Homero
1044 1151 1221 1223 Basileeusi
1241 1155 1259 1222 1
1279 1177 1391 1248 operam

345 1262 497 1329 navavit.
510 1259 658 1330 Laudem
680 1283 761 1328 vero
783 1261 881 1328 etiam
902 1258 1029 1327 habent
1047 1260 1240 1330 Parisiensis
1260 1261 1388 1342 Cultum,

344 1382 383 1435 ut
403 1367 627 1453 curatissima,
651 1381 686 1434 et
711 1365 933 1460 Gryphium,
958 1389 977 1433 a
1003 1367 1103 1434 Petro
1131 1369 1259 1438 Crinito
1282 1379 1389 1435 curata.

344 1474 528 1544 Parrhasii
537 1475 668 1542 Comm.
685 1473 719 1538 in
735 1475 773 1540 L.
787 1471 828 1541 dc
841 1474 953 1567 Raptu
970 1473 1061 1541 Pros.
1079 1477 1253 1568 repetitus,
1267 1471 1320 1541 'sed
1331 1495 1391 1538 mor

345 1581 443 1650 cessit
456 1577 510 1647 ille
523 1579 610 1647 uotis
624 1579 659 1645 in
673 1575 895 1647 Claudianum
909 1603 928 1647 a
942 1579 989 1646 Μ.
1005 1581 1081 1647 Ant.
1098 1581 1231 1667 Delrt'o,
1247 1603 1296 1648 au.
1313 1574 1388 1648 1538

346 1685 398 1754 edi
417 1685 543 1780 coeptis.

404 1790 512 1863 1510.
536 1793 733 1862 camerma
753 1793 789 1874 Ι,
806 1795 965 1878 Vt'eume,
988 1795 1022 1877 4.
1041 1790 1219 1861 Claudiani
1238 1813 1328 1888 opera
1345 1811 1388 1854 no-

346 1900 477 1967 vissime
493 1923 553 1991 per
569 1899 612 1966 D.
629 1900 680 1966 lc.
701 1900 891 1968 Camertem
911 1899 1156 1968 accuratissime
1177 1897 1389 1992 recognitam

332 2008 414 2098 fure
431 2029 442 2072 .·
460 2003 732 2073 Elimatissimurn
753 2005 819 2073 hoc
841 2002 1014 2092 Claudiani
1035 2029 1120 2099 opus
1142 2002 1334 2074 elaboratum
1352 2014 1389 2067 est
1454 2085 1455 2096 p

347 2113 484 2180 Vieuuae
505 2111 667 2195 Austros,
692 2111 886 2204 Hieronymi
908 2111 1051 2179 Victoris
1074 2111 1275 2180 Plu‘brvullir
1295 2105 1387 2177 Caloc-

347 2217 485 2313 graphi,
507 2231 541 2285 et
560 2218 697 2285 loannis
716 2219 889 2311 Singrem‘i
907 2219 1072 2287 sociorum
1095 2216 1248 2305 solertia,
1267 2212 1386 2308 expensis

348 2317 1387 2418 veroteonhartiAtanoeBibliopolaeviennensis.AnnoMDX.
1454 2413 1455 2416 Ἴ

348 2429 452 2524 pridie
472 2453 577 2498 nonas
595 2428 762 2499 Octobris.
786 2464 837 2477 -
857 2429 983 2499 Charta
1006 2429 1165 2519 candida,
1189 2429 1285 2499 literae
1300 2429 1386 2495 lonso·
1454 2419 1455 2422 ¹

348 2538 454 2605 niauae
475 2534 724 2631 pulcherrimae,
745 2560 861 2605 versus
885 2562 946 2630 per
968 2536 1101 2606 denaria
1125 2535 1292 2607 intervalla
1314 2532 1386 2601 diuu-
1454 2588 1455 2613 .

350 2656 476 2710 merati.

401 2749 477 2816 Fuit
490 2762 561 2815 tum
576 2751 627 2816 Jo.
644 2751 795 2834 Camers,
811 2762 850 2816 ut
863 2747 1057 2844 intelligitur
1071 2774 1112 2818 ex
1125 2748 1318 2820 versiculisa
1329 2744 1387 2810 Jon-
1454 2774 1455 2839 3

350 2855 461 2924 chimo
474 2852 628 2921 Vadiano
650 2853 808 2947 adjectis,
831 2876 931 2925 sacrae
950 2855 1139 2952 Theologiae
1161 2854 1258 2927 simul
1278 2866 1307 2920 et
1323 2847 1386 2941 opti·
1454 2846 1455 2929 l

350 2958 1387 3049 marumliterarumProfessor,ordinisDiviFrancisci.Ponanus

351 3068 511 3162 majorem
530 3066 732 3162 praefationis
749 3083 902 3163 partem:
919 3072 972 3137 Io.
993 3072 1132 3139 Camers
1151 3064 1321 3161 lectoribus
1323 3057 1387 3153 fell·
1454 3136 1455 3169 p

350 3180 497 3243 ritatem.
514 3173 736 3243 Claudianum
756 3190 887 3269 poetam
907 3174 1202 3264 caumklrsstmum,
1218 3172 1279 3243 sed
1290 3161 1388 3238 mendis
1454 3176 1455 3223 l

351 3284 534 3347 innumeris
543 3279 772 3374 denigratam,
783 3281 836 3349 lu's
842 3286 970 3377 paucis
983 3280 1101 3350 diebus
1115 3306 1159 3351 ea
1173 3306 1242 3377 qua
1250 3278 1389 3375 petruinus

351 3386 529 3481 dilrgenttu
551 3389 587 3452 iu
602 3391 787 3479 pn'stirrum
810 3388 998 3482 redegimus
1020 3388 1234 3481 majestatem
1251 3412 1260 3453 :
1279 3396 1389 3469 eumque
1454 3380 1455 3445 J

351 3518 413 3562 suo
429 3487 484 3578 (ut
495 3491 660 3587 possibile
663 3488 760 3582 furt)
776 3494 922 3564 cordon·
934 3499 1123 3563 restitutum
1139 3494 1192 3564 ml
1199 3490 1389 3563 studtosoruu
1454 3544 1455 3563 .

351 3598 565 3668 commodum
587 3598 843 3694 imprtmeudum
862 3604 1060 3669 cucumin.
1074 3599 1304 3671 -Edttmu
1315 3608 1389 3685 pm·

352 3722 446 3773 terea
461 3712 497 3773 iu
512 3706 602 3774 Ιιιιιιε
615 3712 724 3801 ipsum
730 3723 876 3801 poetam
891 3708 1040 3775 locomtm
1050 3707 1238 3805 drffiiltum
1252 3713 1390 3772 commen·

353 3812 513 3881 tarmlum
529 3837 539 3878 .·
554 3812 652 3905 quod
661 3812 861 3907 propediem
875 3812 993 3882 eodem
1011 3820 1096 3883 moti
1096 3816 1177 3909 fine
1183 3812 1322 3905 fhueme
1333 3800 1389 3868 Det

353 3921 506 3988 maximo
527 3918 789 4011 publicabimus.
810 3918 920 3989 Credo
943 3918 1123 3989 Ediol'mus
1140 3922 1184 3988 ita
1207 3919 1389 4014 interpretau-

354 4021 452 4104 dum,
465 4022 663 4093 dictavimus
678 4025 882 4095 auditoribus
897 4028 1018 4095 uostris
1036 4052 1043 4094 t
1055 4024 1312 4123 publicabimus,
1327 4027 1390 4103 15P¹⁵

356 4128 545 4197 curabimus
569 4128 783 4224 vulgandum.»
807 4135 881 4203 Hoc
904 4134 1068 4227 posterius
1091 4148 1201 4202 utrum
1222 4127 1331 4198 lactum
1349 4113 1388 4185 sl»
1454 4222 1455 4263 p
