3034 4900
273 439 349 512 266
494 443 571 514 CL.
599 443 900 516 CLAUDIANI
928 448 1114 519 xxxvl.

270 574 389 645 Audax
409 573 569 670 sacrilego
589 575 765 674 supplebat
783 602 903 648 aranea
922 593 1024 650 testu.

239 664 251 759 l
323 683 396 750 Nec
416 680 531 769 deflet,
549 681 717 778 plangitve
737 683 881 774 malum;
897 701 1009 756 tamen
1025 687 1138 758 oscula
1156 687 1228 766 telae

237 762 244 803 s
272 787 375 882 Figit,
390 802 424 855 et
439 787 608 884 abrumpit
622 805 733 860 mutas
748 793 784 860 in
802 791 857 862 fila
873 792 1048 888 querelas:
1298 827 1338 866 ιε,

270 894 475 988 Attritosque
491 920 594 965 mauu
609 897 717 967 radios
726 951 737 984 ,
758 900 970 994 projectaque
989 925 1108 995 pensa,

272 999 467 1094 Cunctaque
482 1003 631 1097 virgineo
646 1027 761 1099 sparsa
775 1004 996 1076 oblectamina
1011 1005 1110 1096 ludo,
1189 1063 1194 1072 .

272 1107 343 1174 Ceu
364 1121 496 1194 natam,
516 1124 644 1203 pressat
658 1113 803 1206 gremi03
818 1127 1010 1209 castumque
1025 1112 1133 1192 cubile

270 1212 493 1308 Desertosque
508 1227 618 1301 toros,
636 1231 689 1304 et,
707 1218 812 1288 sicubi
833 1221 954 1290 sederit
974 1218 1071 1308 olim,
1164 1277 1165 1280 ,

270 1318 437 1414 Perlegit:
458 1323 617 1392 attonitus
635 1322 765 1394 stabulo
784 1349 846 1396 ceu
863 1340 976 1422 pastor
994 1327 1100 1412 inani,
1297 1351 1336 1398 sss

272 1425 336 1492 Cui
356 1449 457 1519 pecus
473 1441 530 1495 aut
548 1427 662 1510 rabies
672 1432 851 1502 Poenorum
871 1434 1004 1528 inopina
1022 1430 1175 1520 leonum,

270 1532 337 1598 Aut
352 1530 574 1627 populatrices
588 1534 784 1606 infestavere
802 1552 959 1628 catervae3

270 1637 371 1706 Serus
388 1653 422 1706 at
440 1636 493 1708 ille
511 1639 612 1727 redit,
627 1656 818 1738 vastataque
837 1669 960 1739 pascua
980 1643 1123 1715 lustrans

270 1743 348 1812 Non
367 1768 583 1840 responsuros
598 1749 664 1816 ciet
678 1748 898 1846 imploratque
910 1751 1082 1845 juvencos.

320 1852 430 1945 Atque
451 1851 496 1920 ibi
517 1867 643 1923 secreta
660 1859 880 1951 tectorumin
901 1871 996 1953 parte
1008 1857 1225 1950 jacentem,
1297 1901 1335 1940 no
1443 1842 1450 1868 ⁸

269 1954 420 2051 Adspicit
436 1957 619 2047 Electran,
633 1976 719 2031 natae
739 1988 813 2058 qun
833 1963 946 2034 sedula
966 1967 1079 2034 nutris

268 2063 394 2132 Oceani
410 2067 536 2162 priscas
554 2069 640 2137 inter
660 2071 829 2143 notissima
846 2071 1036 2168 Nymphas

266 2170 330 2238 Par
347 2173 462 2242 Cereri
476 2176 581 2269 pietas
596 2201 604 2242 ε
621 2173 692 2246 baec
709 2193 785 2272 post
801 2177 965 2250 cunabula
981 2177 1069 2249 dulci

266 2376 338 2418 seret
353 2384 360 2417 :
378 2367 501 2434 confictos
518 2378 610 2418 stenen
624 2367 713 2421 ablato
730 2387 779 2439 ps·
823 2369 1029 2424 instrumentum
1040 2381 1093 2433 est,
1110 2385 1165 2439 qno
1180 2381 1268 2420 textor
1281 2379 1334 2420 ste·

267 2444 353 2511 etine,
363 2464 418 2517 quo
428 2445 777 2518 distinguentia—Intus
821 2450 889 2503 mini
907 2452 1046 2504 subtemen
1067 2445 1203 2511 immittit,
1222 2464 1270 2499 seu
1287 2445 1333 2499 fila

267 2536 363 2595 captas,
375 2527 508 2592 turbatas,
517 2546 572 2579 non
584 2527 727 2581 absolutas.
737 2556 778 2571 --·
821 2528 873 2588 filis
883 2528 1024 2583 interserit.
1034 2527 1111 2597 Virg.
1122 2528 1182 2576 AEn.
1191 2524 1245 2588 tx,
1257 2526 1313 2592 476
1323 2542 1331 2577 :

267 2605 370 2659 Divinus
383 2606 466 2670 labor,
478 2626 558 2678 quem
571 2605 710 2677 descriptll
723 2618 777 2659 tam
820 2614 900 2655 Excussi
911 2614 1000 2653 mnibus
1011 2612 1071 2657 nati,
1086 2609 1213 2663 revolutaque
1222 2622 1292 2661 pensa.

265 2685 361 2739 vividis
367 2686 511 2752 coloribus,
519 2686 777 2757 XXXIILstysqq.
864 2685 928 2738 165.
944 2684 1071 2753 Perlegsre
1082 2693 1122 2755 est
1134 2692 1233 2734 attente
1244 2680 1332 2735 oonsi-

310 2765 620 2835 159.Hoeedeflst,Voss
627 2784 668 2836 pr.
676 2764 777 2835 inepte.
821 2762 915 2817 derare
928 2784 934 2814 ε
948 2774 979 2817 ut
991 2762 1056 2817 socii
1068 2765 1159 2814 AEness
1172 2758 1244 2832 apud
1253 2761 1332 2832 Virg.

310 2846 374 2895 160.
390 2844 475 2895 Mutus
489 2844 596 2915 querelas
609 2844 729 2913 ebrmpit
741 2842 776 2895 si·
820 2844 870 2907 VI,
883 2841 1024 2910 34,valras
1036 2841 1128 2913 templi
1139 2853 1167 2893 et
1178 2841 1281 2912 sculpta
1289 2859 1332 2893 ar·

265 2920 389 2992 gnificat,
411 2922 503 2977 subito
522 2921 635 2987 desinit,
655 2920 704 2975 sed
724 2922 776 2974 boc
819 2936 944 2995 gumeuta
961 2942 977 2977 a
995 2920 1104 2976 Dedalo
1122 2922 1258 2992 perlegunt.
1277 2921 1331 2987 Qui

266 3014 399 3071 repugnat
410 3001 523 3055 oonsilio
532 3002 635 3066 Poeta,
649 3001 693 3053 cui
706 3000 776 3053 forte
818 3004 911 3074 legunt
926 3016 972 3055 sut
989 3002 1130 3073 perlegunt
1149 3001 1295 3073 scriptum,
1312 3000 1332 3069 ii

264 3082 363 3135 melius
379 3081 520 3138 conveniat
539 3080 652 3146 absona,
671 3081 775 3151 impen-
819 3084 909 3136 animo
926 3084 1032 3137 literam
1045 3100 1128 3135 unam
1145 3092 1207 3153 post
1221 3082 1331 3135 alteram

264 3159 776 3228 dit,consumitinfilasfilistraetats,
819 3164 915 3233 legunt,
939 3164 968 3216 h.
991 3180 1014 3215 e.
1041 3162 1159 3225 tollunt,
1186 3172 1213 3215 et
1234 3158 1330 3215 deinde

263 3241 414 3311 gemituset
423 3242 513 3296 tacitas
523 3240 653 3313 querelas.
662 3240 727 3293 Hac
736 3240 776 3293 la·
819 3242 948 3314 colligunt
960 3243 989 3295 in
1001 3242 1114 3314 syllabas
1126 3260 1155 3294 ac
1167 3258 1255 3294 voees.

264 3320 345 3372 cilius
359 3321 503 3392 intelliget,
517 3322 563 3392 qui
578 3318 649 3373 vidit
663 3333 776 3374 matrem
863 3320 1247 3377 retransmittendum
1254 3318 1329 3391 Virg.

263 3398 314 3450 lilii
325 3399 369 3451 sui
378 3403 479 3470 monui
489 3402 644 3453 vestimenta
656 3412 702 3453 aut
712 3400 776 3454 alias
818 3402 880 3455 Eut„
890 3402 960 3465 VH,
976 3403 1021 3461 25,
1036 3400 1065 3453 id
1078 3414 1130 3466 est,
1145 3400 1254 3471 Libyci;
1269 3417 1329 3469 pers

263 3477 388 3548 reliquias
404 3482 506 3533 menti
520 3481 594 3533 luctu
608 3492 774 3543 treatment.
809 3495 870 3554 'pro
883 3494 953 3547 toto,
966 3480 1184 3553 synecdochicos.
1197 3508 1238 3521 --
1252 3478 1328 3548 Quem

264 3557 418 3612 Liternum
436 3580 449 3611 s
468 3572 496 3613 et
525 3580 540 3611 r
563 3572 662 3631 quanta
687 3560 722 3613 sit
746 3561 774 3613 in
819 3562 888 3633 lupus
901 3562 977 3633 vulg.
995 3560 1042 3614 Cui
1050 3580 1123 3633 pectis
1131 3562 1189 3613 Bas.
1203 3576 1284 3629 marg.
1302 3570 1330 3611 et

264 3638 425 3710 quibusdam
434 3640 619 3711 manuscriptis
627 3638 775 3694 similitudo
819 3642 905 3694 Plant.
922 3660 1004 3711 marg.
1024 3641 1110 3713 tuph.
1129 3638 1221 3693 Barth.
1237 3638 1327 3691 Heius.

265 3731 377 3773 constet.
391 3720 494 3773 Mutata
506 3720 586 3775 semel
598 3719 628 3773 in
641 3740 655 3769 r
666 3720 744 3775 litere
753 3740 775 3786 s,
863 3739 926 3791 171.
939 3722 1047 3775 Electra
1056 3738 1154 3775 nomen
1163 3718 1290 3789 frequens
1301 3718 1331 3789 in

264 3800 776 3868 quumabrumitsensucareret,vartm
819 3802 930 3873 antiqua
948 3801 1123 3872 mythologie,
1141 3817 1156 3851 a
1178 3796 1327 3869 pulchritu-

264 3880 775 3953 secutaestvibis,sssumptopfactum
819 3879 882 3933 dine
900 3894 929 3934 et
950 3879 1092 3953 splendore
1112 3877 1225 3931 ductum
1246 3895 1253 3930 :
1272 3876 1329 3929 hec

265 3955 392 4027 simple.
399 3961 532 4014 -Velim
539 3960 654 4015 inveniri
664 3961 775 4014 inbono
818 3974 909 4015 nostra
926 3959 961 4014 de
980 3961 1097 4015 millibus
1114 3958 1199 4013 tribus
1215 3956 1327 4010 Oceani-

265 4034 335 4089 libro
348 4037 459 4093 absumit.
819 4038 905 4094 tidum
921 4042 1106 4113 Nympharum
1122 4056 1176 4091 uns
1197 4050 1249 4103 est,
1264 4052 1326 4105 ques

307 4118 370 4187 361.
388 4118 496 4180 naam·
510 4121 593 4173 radies
605 4122 633 4173 in
646 4120 698 4174 hoc
713 4121 774 4173 loeo
818 4140 849 4173 ex
863 4121 967 4191 Tethye
980 4120 1095 4191 suscepit
1111 4130 1185 4189 pater
1196 4118 1331 4193 Oceanus·¹
