3034 4900
221 441 293 515 326
471 446 543 516 ct.
577 446 866 518 cntunrtur
896 445 1030 515 xntv.
1098 411 1102 418 ’

217 577 388 646 AEternam
405 601 448 646 ne
466 577 585 673 perdet
600 602 707 660 avem,
724 577 939 671 flammasque
954 576 1067 647 fideles

217 681 399 771 Admonet,
415 698 453 753 ut
468 709 581 754 rerum
595 683 694 754 decus
708 682 897 753 immortale
913 683 1097 755 remittant.

267 789 436 860 Contimm
449 790 595 884 dispersa
608 790 705 884 vigor
718 815 778 884 per
792 789 942 858 membra
954 786 1090 858 volutus
1259 833 1287 874 ⁶5

215 895 357 984 AEstuet,
373 912 408 965 et
419 921 520 966 venes
537 894 700 966 recidivus
715 897 848 991 sanguis
866 893 1019 964 inundat.

213 999 347 1070 Vteturi
363 1001 490 1072 cineres
505 1000 599 1071 nullo
616 1015 755 1095 cogente
774 1000 902 1070 moveri

212 1106 396 1202 Incipiunt,
417 1107 595 1203 plumaque
612 1105 730 1176 medem
746 1107 866 1176 vestire
882 1104 1041 1174 favillam.

214 1209 283 1299 Qui
297 1210 406 1282 iuerat
418 1213 562 1308 genitor,
577 1226 675 1281 nctus
688 1237 778 1282 nunc
791 1210 923 1305 prosilit
937 1210 1042 1302 idern,

213 1316 433 1412 succeditque
451 1342 557 1387 novus
579 1343 588 1386 ε
608 1315 909 1412 geminoeconfinia
924 1316 1002 1386 vitae

213 1422 343 1516 Exiguo
361 1422 490 1493 medius
506 1421 696 1492 discrimine
712 1436 846 1518 separat
862 1421 962 1516 ignis.

261 1527 421 1598 Protinus
437 1527 481 1598 ad
498 1526 614 1600 Nilum
631 1531 748 1599 Manes
765 1552 896 1598 sacrare
914 1542 1084 1622 paternos,

211 1633 460 1728 Auctoremque
477 1633 615 1728 globum
633 1634 762 1704 Phoriae
781 1631 968 1703 telluris-ad
987 1658 1063 1704 oras

211 1739 313 1808 Ferre
327 1740 423 1832 juvat
444 1738 566 1809 :velox
581 1739 728 1810 alienum
746 1737 855 1810 tendit
873 1739 908 1808 in
924 1739 1056 1830 orbem,

209 1958 282 2023 fecit,
300 1970 328 2012 ot
343 1966 468 2025 XXXVI,
484 1966 527 2024 33,
542 1979 596 2031 qum
613 1959 722 2025 laboret,
769 1977 857 2013 norum
889 1961 1009 2021 adhibite.
1043 1967 1102 2021 vit.
1136 1963 1280 2020 Thescrus.

211 2039 280 2090 rein
294 2040 462 2112 eunisperdet
473 2059 554 2107 erem,
572 2049 724 2108 quantem
767 2038 874 2090 Amabat
905 2040 1035 2106 Heinsius,
1070 2042 1138 2112 quod
1164 2059 1225 2110 sepe
1253 2044 1281 2094 in

210 2117 283 2169 debet
302 2135 361 2172 csse.
374 2119 500 2172 Antitheta
521 2119 617 2172 allectat
630 2138 637 2174 t
651 2136 725 2187 rogus
768 2117 836 2168 libris
853 2117 951 2186 optimis
977 2121 1115 2183 invenerat.
1138 2120 1280 2190 recidivum,

210 2212 262 2248 non
281 2196 362 2265 perdit
379 2196 435 2258 hie,
453 2195 496 2247 sed
509 2197 639 2264 parturit.-
656 2195 724 2244 curis
767 2197 840 2248 etad
860 2197 927 2248 hunc
954 2197 1034 2252 locum
1058 2201 1164 2252 studiose
1188 2217 1215 2252 ac
1230 2217 1280 2252 mn·
1383 2225 1387 2236 ·

178 2325 181 2330 .
209 2276 283 2342 igitur
296 2274 510 2344 nonperdendus,
523 2273 722 2339 rodmundus,
767 2289 815 2340 gno
852 2276 1018 2343 exemplomm
1055 2294 1155 2330 numero
1190 2289 1279 2332 tuetur.

209 2365 235 2407 et
255 2372 319 2408 noro
336 2366 408 2425 partu
426 2353 583 2423 proferendus
602 2361 637 2404 est
652 2353 722 2406 rhe-
767 2355 802 2402 no
832 2353 905 2420 magis
935 2355 995 2407 iliud
1024 2357 1177 2424 reliquimur,
1204 2374 1279 2425 quum

208 2434 261 2487 uis.
274 2440 354 2489 Ausus
367 2451 421 2486 sum
434 2434 527 2487 literula
542 2449 591 2484 una
605 2430 722 2485 letissime
766 2430 824 2483 alles
844 2433 953 2500 sanguini
970 2435 1045 2504 magis
1067 2433 1164 2488 redivivi
1183 2448 1279 2506 etymon

209 2514 334 2567 immutata
352 2516 431 2567 iucem
458 2513 516 2565 dare
539 2514 593 2564 loco
611 2520 636 2562 et
656 2510 722 2563 nito-
766 2512 910 2573 conveniat,
923 2522 969 2566 ete.

207 2609 273 2653 rem,
289 2602 316 2645 ut
330 2593 390 2645 mihi
401 2594 503 2645 ridetur.
515 2593 594 2643 ames
600 2587 653 2661 jam
664 2606 721 2659 pro·
799 2592 842 2642 68.
860 2589 949 2643 Rudent
961 2592 1074 2660 favillam
1091 2592 1196 2659 cogitare
1208 2594 1283 2655 licet,¹

207 2672 264 2724 tulit
275 2672 389 2723 Heinsius
399 2690 429 2723 ea
440 2671 512 2724 ovid
523 2674 585 2723 Met.
595 2676 654 2731 XV,
663 2672 721 2733 405,
767 2676 793 2719 ct
805 2678 931 2735 argentum
947 2672 985 2723 rel
997 2688 1082 2723 surum
1097 2673 1176 2732 rude.
1193 2674 1277 2725 illalsc·

207 2752 309 2819 Fertque
317 2751 372 2819 pius
387 2766 588 2818 curesquesues,
602 2749 721 2820 petrium·
768 2756 859 2799 ratum.
1300 2778 1304 2785 ·

210 2827 407 2899 queseprdcrum.
800 2840 841 2887 70.
877 2824 1006 2888 θοιυῦιῖας
1040 2825 1149 2894 exiguum
1183 2844 1278 2897 sepert-

240 2909 283 2957 63.
301 2904 394 2957 Fideles
406 2906 528 2969 stamma,
548 2922 603 2971 ques
624 2903 720 2972 deposi-
766 2902 872 2963 tionem,
907 2919 961 2971 quse
993 2914 1030 2955 est
1063 2907 1126 2957 inter
1153 2916 1279 2974 utramque

206 2995 259 3038 tum
271 2984 390 3049 reddunt,
400 2995 425 3037 et
438 2983 586 3053 splendidius
597 2998 671 3050 quam
682 3000 721 3036 ac·
765 2980 855 3048 ritem,
880 2982 953 3034 ritem
982 2984 1045 3035 senis
1068 2994 1093 3035 et
1117 2984 1189 3036 ritem
1208 2988 1277 3053 jure·

207 3082 293 3134 cepere
306 3066 436 3118 remittunt.
766 3062 825 3125 uis;
854 3078 914 3130 quea
936 3065 999 3116 ritas
1024 3065 1123 3133 exiguus
1151 3066 1215 3134 ignis
1241 3082 1278 3117 se·

239 3146 283 3196 65.
300 3144 418 3213 Dispersa
437 3142 635 3205 ¹incitteretsunt
650 3140 720 3193 Plue-
765 3150 843 3209 parnt.

206 3221 268 3273 nicis
292 3221 412 3283 membrae
441 3222 483 3273 sed
510 3220 591 3272 stetim
615 3220 647 3271 ab
675 3220 721 3270 hac
800 3238 839 3283 7²·
857 3224 944 3271 Manes
960 3220 1002 3273 hic
1019 3238 1065 3289 pro
1083 3223 1191 3291 reliquiis
1208 3224 1278 3277 esda·

205 3300 363 3351 dissolutione
377 3310 401 3351 et
419 3299 574 3369 purgatione,
595 3298 666 3366 vigor
676 3314 721 3365 pce
764 3298 827 3349 reris
838 3299 920 3365 pouit,
934 3310 962 3351 ut
972 3304 1104 3365 xxm,
1121 3306 1159 3354 rs.

205 3395 235 3430 ee
249 3378 384 3444 incalescit,
403 3388 429 3429 et
446 3388 512 3430 motu
531 3378 649 3430 hucillue
666 3393 718 3428 mo-
799 3378 839 3439 ⁷³·
864 3380 942 3441 Quem
964 3382 1092 3429 Auctorem
1114 3378 1221 3447 globetur.
1235 3399 1277 3451 ap-

210 3466 291 3508 vetur.
765 3456 851 3521 pellet,
882 3454 1010 3506 obscurum
1043 3474 1095 3509 csse
1125 3474 1174 3511 non
1200 3471 1278 3527 potest

237 3537 279 3586 66.
298 3539 423 3600 Quantum
440 3535 472 3587 ad
491 3550 542 3586 rem
557 3534 634 3601 ipsam
653 3550 719 3585 am·
764 3530 822 3594 his,
852 3532 894 3599 qui
927 3534 1087 3586 Hercdcteam
1115 3538 1277 3591 eructionem

204 3618 260 3669 (1-
278 3617 320 3670 hie
337 3619 387 3670 vim
404 3619 494 3671 habent
510 3617 626 3669 „Mem
644 3626 719 3669 em.
763 3610 933 3678 cognoverint,
955 3629 1026 3681 quem
1051 3614 1158 3676 scilieet,
1183 3628 1208 3667 ut
1230 3634 1276 3670 no·

203 3696 303 3750 divisus.
325 3702 442 3749 Preterea
465 3698 492 3749 iu
519 3698 588 3749 libris
614 3697 719 3764 antiquis
763 3698 813 3741 lm
841 3690 971 3751 ⁰¹¹²¹¹lb¹¹³2
1007 3693 1077 3759 12⁰¹!st
1108 3698 1197 3758 Foth,
1226 3712 1276 3749 nou

203 3784 324 3842 pepetuo
342 3774 393 3827 lere
407 3788 536 3843 utrumque
555 3791 644 3825 nomen
664 3791 719 3841 per-
763 3768 875 3835 explicat.
903 3772 986 3821 Novus
1012 3770 1111 3821 Phuni:
1136 3773 1225 3826 format
1246 3796 1277 3826 ee

99 3888 104 3895 .
203 3852 293 3903 numi
313 3855 407 3919 viam,
432 3872 482 3906 110„
502 3864 595 3906 mrum
615 3863 642 3905 ut
657 3854 719 3902 mi.
762 3846 859 3915 myrrlm
878 3864 945 3897 orum
970 3845 1081 3915 (globum
1103 3860 1168 3901 recte
1190 3858 1277 3905 Noster

202 3928 280 3980 δι’σωιι
297 3930 403 3993 dicatur,
422 3936 461 3984 cui
480 3950 494 3985 a
515 3942 592 3983 morte
610 3933 661 3983 rite
678 3948 718 3982 re·
761 3926 895 3995 appellet),
915 3926 955 3977 cui
977 3927 1077 3978 lercudo
1100 3945 1142 3995 per
1162 3930 1193 3981 sit
1215 3949 1221 3983 :
1240 3933 1277 3985 illi

202 4006 266 4071 ,ffiq’
286 4009 329 4059 „d
351 4020 378 4059 ,η
398 4010 502 4062 mppr„
520 4012 634 4063 (fimum,-
655 4011 717 4078 1291.
760 4014 873 4056 escamto
903 4004 966 4055 indit
1001 4005 1116 4073 reliquias
1143 4017 1274 4075 patemus,

202 4079 245 4133 des
274 4092 298 4135 et
327 4083 414 4136 rudere
440 4085 535 4137 edificii
560 4084 656 4152 entiqui
683 4084 715 4135 ed
760 4100 847 4151 easque
866 4083 942 4136 defert
966 4084 991 4136 in
1021 4085 1135 4152 templum
1158 4088 1274 4157 Heliopo-
