3034 4900
287 439 360 458 unu
331 433 829 458 mmmmmvwmm
800 430 1189 455 mmmmm
1190 430 1342 454 numu*

748 694 889 762 XXIV.

743 889 875 906 ...ο-

553 1045 1070 1137 CL.CLAUDIANI

784 1273 999 1356 nr*

300 1488 771 1598 CONSULATU
814 1489 1320 1596 STILICHONIS

666 1717 839 1797 mrim
866 1717 948 1794 ιιι.

554 1933 1056 1976 ---τ-·---·-0000.’-·---ο

638 2105 967 2183 ancuusurum.

275 2289 395 2343 Romam
417 2284 572 2362 compellat
592 2295 698 2362 poeta,
719 2293 752 2338 ut
773 2279 857 2337 satiet
877 2278 976 2337 oculos
997 2291 1116 2354 aspectu
1132 2290 1233 2355 optato
1252 2278 1334 2336 Stili-

314 2389 413 2446 chonis
431 2387 545 2446 taudem
561 2385 694 2457 reducis,
709 2385 791 2463 cujus
806 2385 908 2443 merita
923 2383 953 2439 in
968 2384 1119 2440 consulatu
1134 2382 1246 2439 extollit
1259 2401 1333 2439 enu-

315 2513 448 2565 merans,
467 2512 569 2571 nempe
593 2488 771 2569 triumphum
791 2489 828 2548 de
849 2489 944 2561 Afris,
963 2488 1081 2547 fascium
1104 2486 1333 2559 restitutionem,

312 2600 409 2659 Rheni
423 2613 452 2657 et
466 2598 534 2657 istri
550 2596 746 2676 pacationem,
760 2606 814 2654 etc.
831 2609 954 2675 propter
967 2615 1048 2673 quae,
1061 2608 1161 2653 statuae
1180 2613 1216 2651 ex
1233 2614 1290 2652 aere
1303 2609 1333 2653 et

313 2722 386 2760 auro
407 2703 449 2761 illi
471 2703 572 2781 posite
593 2716 674 2775 sunt,
699 2702 803 2759 1-13.
826 2701 858 2761 si
874 2702 962 2760 vellet
985 2701 1146 2812 triumphos
1167 2696 1331 2774 ostentare,

311 2803 413 2865 muudi
434 2827 502 2887 pars
524 2806 669 2879 borealis,
690 2818 750 2863 tum
776 2806 908 2865 australis
931 2766 1063 2864 certatim
1088 2804 1244 2876 offerrent,
1262 2804 1332 2861 hinc

312 2914 468 2972 Alamanos
482 2926 513 2971 et
524 2910 688 2973 Sicambros
703 2912 811 2985 victos,
828 2911 907 2970 illinc
921 2918 1091 2971 Maurorum
1104 2908 1228 2981 cladem,
1243 2910 1284 2967 ita
1298 2922 1330 2967 ut

312 3019 538 3097 speciosissimus
552 3018 715 3096 triumphus
724 3018 809 3076 fieret
819 3038 857 3075 ex
869 3016 1040 3095 imaginibus
1053 3015 1126 3073 fictis
1138 3014 1330 3094 oppidorum,

312 3123 459 3195 montium,
467 3135 496 3181 et
505 3122 656 3203 fluminum
662 3121 838 3201 Libycorum
850 3124 1006 3201 precipue,
1016 3135 1046 3179 et
1054 3122 1158 3193 Rheni,
1169 3140 1233 3199 quae
1244 3120 1330 3179 sube-

310 3226 400 3303 gerit:
415 3224 466 3284 sed
480 3246 539 3284 non
549 3226 640 3303 jactat
650 3227 777 3286 honores
791 3228 910 3300 consul,
925 3242 954 3286 ct
964 3228 1074 3285 mavult
1087 3247 1187 3286 amore
1200 3228 1328 3305 populo·

311 3351 376 3388 rum
392 3331 587 3410 triumphare,
607 3341 731 3410 14-29.
749 3337 817 3393 Non
834 3333 929 3391 alius'
922 3332 1010 3409 igitur
1025 3332 1132 3389 exstitit
1145 3330 1206 3389 dux
1217 3320 1328 3389 clarior

310 3432 486 3507 Stilichone,
507 3453 567 3493 uon
583 3434 731 3495 Fabricius
746 3438 852 3516 Pyrrhi
870 3439 978 3509 victor,
993 3457 1052 3495 non
1073 3438 1178 3496 Paulus
1196 3437 1327 3495 AEmilius

309 3522 444 3617 superatd
464 3544 568 3613 Perse;
585 3560 638 3599 uec
653 3543 764 3601 Marius
784 3544 949 3621 iugurthae,
969 3563 1023 3601 uec
1037 3543 1191 3621 Pompeius
1206 3541 1328 3601 Mithri-

308 3642 382 3702 datis
397 3643 539 3707 domitor·
533 3666 658 3724 ·uempe
669 3647 714 3705 his
728 3648 814 3707 tantis
826 3648 896 3707 viris
902 3661 1029 3727 ,utpote
1042 3653 1158 3707 Petrum
1171 3660 1221 3707 aut
1234 3647 1328 3726 plebis

297 3734 402 3807 'studio
422 3750 517 3809 varias
536 3764 633 3828 partes
653 3752 819 3811 foventibus
837 3771 952 3832 semper
972 3750 1130 3810 obfuerunt
1148 3772 1185 3809 ex
1202 3750 1327 3809 adverso

307 3854 442 3913 invidiosi
457 3855 575 3915 laudum
596 3856 822 3917 detrectatores:
836 3859 914 3916 solus
927 3868 1023 3916 autem
1037 3854 1178 3926 Stilicho,
1195 3854 1325 3925 Phoebo,

307 3970 357 4015 aut
375 3957 461 4029 Jovi,
483 3974 533 4017 aut
550 3962 699 4022 Sideribus
718 3984 784 4042 par,
802 3963 968 4023 homiuibus
981 3962 1091 4040 major,
1114 3960 1170 4021 sihi
1192 3966 1325 4029 Petrum,

305 4064 373 4123 vitia
389 4062 615 4129 dominationem
631 4072 803 4142 amiserunt,
818 4090 921 4149 nempe
938 4073 988 4130 Dii
1008 4084 1070 4128 tum
1087 4070 1246 4147 indigenae,
1263 4079 1324 4124 tum
