3034 4900
282 466 358 564 370
549 468 624 537 co
653 466 955 537 columem
983 471 1077 539 cvr.
1166 445 1168 451 ’

277 646 535 667 mmmm*
540 646 1346 673 mmmfflmm

769 866 864 933 LVI.

384 1099 436 1144 vr.
467 1098 518 1144 or
545 1096 894 1163 cursrauuo,cu1
923 1098 1036 1159 AQtJA
1063 1070 1237 1147 irrisu*

278 1245 500 1362 Possm
521 1283 641 1379 glacies
662 1299 790 1355 naturae
809 1286 901 1380 signa
919 1289 1040 1383 prioris
1056 1316 1066 1376 3

328 1396 373 1461 Et
393 1392 433 1460 fit
449 1406 545 1487 parte
562 1389 663 1487 lapis,
681 1390 805 1488 frigora
822 1408 918 1487 parte
938 1410 1048 1490 negat„

274 1499 384 1571 Solers
405 1498 483 1567 lusit
504 1498 624 1587 hiems,
645 1498 905 1595 imperfectoque
925 1502 1034 1597 rigore

328 1603 496 1694 Nobilior,
510 1605 594 1674 vivis
615 1630 748 1700 gemma
767 1607 921 1677 tumescit
942 1609 1045 1703 aquis.

315 1800 379 1859 'De
392 1806 506 1877 crystallo
523 1806 621 1877 lapide,
641 1810 667 1858 in
687 1826 734 1879 quo
749 1810 788 1859 in·
832 1806 905 1861 doris
914 1833 925 1855 ι
942 1819 986 1872 ;et
1000 1806 1088 1879 iguem
1105 1807 1273 1863 sacrificalem
1288 1812 1345 1883 ejus

272 1888 360 1959 gelata
373 1885 464 1939 latebat
475 1903 539 1957 aqua
543 1926 552 1950 ,
563 1886 626 1941 vo.
634 1906 676 1958 pr.
688 1899 716 1939 et
726 1887 789 1940 Vat.
832 1906 885 1961 ope
900 1885 978 1941 docet
990 1886 1147 1942 accendere:
1159 1886 1276 1961 denique
1285 1908 1346 1943 nar·

275 1968 363 2021 Livio.
373 1999 414 2009 -
425 1965 580 2037 Comparari
590 1984 653 2019 cum
661 1966 714 2019 hoc
727 1985 791 2039 pos·
833 1978 894 2033 rut,
909 1966 1016 2039 exigue
1036 1979 1139 2041 raptam
1153 1988 1216 2022 mox
1232 1969 1345 2042 refrige-

276 2046 396 2102 suntilla
408 2046 612 2117 epigrammata,
625 2046 791 2119 quibusani·
834 2047 897 2104 rari.
919 2048 954 2101 Et
967 2046 1057 2102 medio
1073 2066 1149 2107 uro,
1171 2050 1219 2121 qui
1237 2048 1289 2103 boc
1309 2048 1345 2103 de

277 2128 388 2179 malculu
397 2124 494 2178 electro
504 2128 611 2179 succino
620 2128 720 2179 inclusa
727 2128 794 2180 cele·
835 2147 903 2200 aqua
923 2128 952 2180 in
968 2128 1123 2200 crystallum
1143 2129 1278 2201 congelata
1297 2148 1345 2182 ue·

278 2210 395 2261 brorum
408 2220 493 2277 poetae
506 2224 515 2270 3
529 2206 618 2277 qualia
632 2218 695 2260 sunt
712 2206 791 2261 Mart.
836 2220 949 2281 gerent,
972 2208 1053 2263 luisse
1078 2208 1146 2262 (licit
1166 2207 1344 2273 Morbodeus,

278 2289 331 2352 IV,
354 2288 388 2340 32
412 2298 440 2337 et
460 2284 512 2355 59,
525 2286 555 2340 it.
572 2286 630 2352 VI,
646 2286 691 2340 15.
705 2287 794 2360 Hujus
835 2290 945 2359 ejusque
962 2288 1090 2359 glossator
1113 2289 1262 2355 Pictorius,
1286 2307 1345 2360 cup.

281 2384 361 2419 omne
367 2384 480 2419 acumen
493 2403 500 2430 ,
513 2366 542 2417 in
553 2385 607 2437 quo
618 2378 725 2437 argutus
737 2386 794 2421 esse
837 2369 940 2421 xxm.

283 2446 369 2500 voluit
380 2446 479 2511 Poeta,
491 2457 611 2500 versatur
623 2445 651 2498 in
664 2446 708 2498 illu
720 2461 793 2499 vete·
880 2467 906 2501 ι.
921 2446 1041 2511 Obsedit,
1056 2444 1156 2499 Buslid.

281 2545 344 2580 rum
359 2523 538 2596 quorumdum
556 2525 683 2598 opinione
690 2564 698 2591 ,
714 2545 795 2598 quem
879 2525 905 2579 3.
927 2527 1016 2588 Lissi&
1038 2526 1114 2598 quasi
1138 2523 1257 2579 ludendo
1280 2545 1346 2580 oon·

282 2608 372 2679 ipsum
396 2623 496 2659 nomeu
516 2605 619 2675 signat,
640 2605 795 2676 putantium
837 2605 958 2676 stringit,
972 2602 1148 2658 induratssat
1162 2604 1234 2656 enim
1247 2605 1294 2658 hic
1307 2606 1347 2658 la·

282 2687 384 2758 glucie,
395 2703 454 2754 quo
467 2685 615 2755 aptiorem<
626 2696 666 2737 est
676 2683 795 2750 Grecis,
837 2684 971 2738 scivieutis
987 2695 1088 2737 naturus
1100 2681 1188 2735 ludus.
1199 2713 1238 2730 -ι
1253 2685 1347 2754 Imper-

282 2761 475 2819 consolidatam
489 2781 545 2816 esse
560 2763 745 2835 cognominem
757 2765 795 2816 ob
832 2765 945 2836 sectoque
958 2766 1037 2833 rigore
1052 2763 1175 2823 uobib'orf
1190 2762 1346 2834 pulchrior,

283 2841 484 2898 similitudinem
492 2859 638 2912 gemmam,
648 2861 732 2914 quum
737 2844 795 2914 pri·
837 2842 995 2915 pretiosior,
1008 2842 1070 2913 quie
1082 2842 1155 2912 rigor
1170 2861 1217 2895 seu
1228 2842 1346 2898 soliditas

284 2923 322 2976 mi
333 2933 454 2976 auctores
463 2921 580 2974 nominis
588 2921 796 2994 solumspcciem
838 2921 933 2994 lapidis
946 2921 1050 2994 glaciati
1060 2941 1116 2974 uon
1130 2923 1247 2994 perfecta
1258 2937 1346 2978 osten·

284 3013 423 3056 externum
432 2999 543 3054 forteita
550 3002 720 3073 signaverint.
731 3001 794 3056 vid.
838 3001 880 3058 (lit
890 3003 964 3055 velut
969 3019 1100 3074 gemmam
1109 3014 1261 3076 turgentem
1271 3005 1345 3076 equis

286 3083 355 3136 Plin.
369 3082 520 3142 xxxva,
536 3085 572 3147 6,
585 3092 613 3133 et
622 3081 661 3134 ibi
672 3080 755 3135 Ilsrd.
769 3093 797 3136 et
838 3081 942 3136 uetitis.

285 3180 354 3232 quos
379 3180 476 3233 magno
499 3180 612 3215 numero
639 3161 685 3215 hic
705 3161 796 3216 laudat
880 3161 1343 3234 uttteuvutgmuesisclaverttaph.

286 3241 421 3295 barthius.
437 3243 530 3312 Neque
542 3253 631 3294 tamen
643 3242 722 3313 pluue
741 3260 798 3294 om·
837 3243 900 3295 visis
911 3243 990 3295 etiam
999 3243 1060 3314 Cuj.
1073 3275 1114 3286 --
1131 3245 1266 3306 Tussescs't,
1278 3259 1345 3314 prse-

284 3321 627 3374 uiuanbsseluitsenteutis.
635 3324 798 3376 Auctoroar-
840 3340 922 3394 graus
933 3322 974 3376 vel
986 3320 1094 3394 gravida
1109 3336 1163 3390 est,
1173 3335 1204 3376 ut
1216 3323 1275 3376 vult
1286 3323 1346 3374 Bar·

286 3399 367 3453 minis
377 3398 412 3452 (le
423 3399 584 3471 Lapidibus,
596 3399 670 3472 quod
685 3401 797 3473 Orpheo
841 3401 923 3456 thius.
945 3401 997 3456 Sed
1013 3402 1081 3455 mibi
1095 3403 1179 3474 magis
1193 3403 1280 3475 placet
1291 3419 1345 3453 me·

284 3478 461 3542 adscribitur,
470 3497 499 3550 p.
510 3479 800 3550 198,Escbeuli.vocut
840 3483 980 3554 tuphoram
994 3501 1064 3547 esse,
1081 3487 1200 3549 umoris,
1215 3480 1345 3554 superbit,

291 3585 303 3608 ι
312 3560 442 3631 talem
455 3562 610 3632 πιριφιγγίος
622 3562 747 3632 ἀμβρότου
763 3563 800 3614 ul·
840 3573 871 3615 ut
879 3562 1050 3616 referatur-ad
1056 3581 1154 3616 nomen
1163 3561 1284 3616 Nobilior.
1295 3560 1345 3623 Sic,

287 3647 363 3711 γλης,
377 3639 516 3693 eflluvium
525 3638 608 3693 luridi
617 3638 703 3692 divini
712 3641 799 3712 splen·
841 3641 948 3707 LVIII,
963 3641 990 3707 5,
1004 3643 1099 3696 Arctus
1108 3643 1189 3694 bouou

568 3863 1069 3905 ψ-
