3034 4900
275 505 320 576 72
514 479 587 546 CL.
616 477 920 546 CLAUDIANI
948 476 1090 543 xxvi.

270 613 304 682 Si
320 610 475 680 reducem
490 609 662 679 dominum
677 609 745 678 fors
765 609 945 702 improvisa
965 609 1109 689 revexit,
1304 636 1366 688 37⁶

272 721 408 787 Haerent
427 717 572 804 attoniti,
590 713 840 809 libertatemque
860 738 998 808 perosus

272 825 415 894 Conscia
433 821 558 892 servilis
575 821 759 918 praecordia
781 822 928 890 concutit
945 821 1088 888 horror:

273 933 327 1000 Sic
345 930 438 998 ducis
457 929 615 1023 adspectu
632 929 743 998 cuncti
761 941 917 1022 stupuere
935 925 1090 1013 rebelles,

271 1039 379 1132 Inque
396 1059 462 1105 uno
484 1035 638 1130 princeps
659 1034 857 1127 Latiumque
875 1047 908 1102 et
925 1047 995 1102 tota
1017 1030 1144 1101 refitlsit

273 1145 382 1212 Roma
399 1143 481 1209 viro.
498 1143 603 1214 Frons
625 1139 699 1210 laeta
718 1165 854 1235 parum,
875 1164 944 1208 non
961 1135 1088 1208 t'ristior
1107 1162 1219 1232 aequo,
1300 1167 1352 1217 ³7⁵

273 1251 352 1320 Non
370 1247 497 1341 dejecta
517 1245 631 1334 malis,
648 1248 746 1314 miste
767 1245 826 1315 sed
845 1243 964 1314 nobilis
981 1247 1049 1314 ira:

273 1354 389 1446 Qualis
409 1355 444 1422 in
462 1351 643 1436 Herculeo,
666 1353 795 1446 quoties
813 1351 948 1420 infanda
962 1351 1101 1444 jubebat

271 1460 492 1556 Eurystheus,
509 1458 572 1527 fuit
589 1482 647 1527 ore
660 1456 756 1527 dolor
771 1485 781 1547 ;
801 1456 854 1526 vel
873 1455 978 1552 qualis
991 1459 1025 1526 in
1043 1472 1149 1526 atram

272 1567 435 1638 Sollicitus
455 1565 576 1634 nubem
595 1579 709 1634 maesto
724 1567 808 1634 Jove
822 1567 953 1660 cogitur
968 1564 1080 1632 aether.

332 1676 512 1741 «Tantane
527 1697 605 1760 vos,
622 1672 743 1766 inquit,
758 1673 866 1742 Getici
884 1669 1005 1739 fiducia
1026 1669 1103 1738 belli
1304 1699 1338 1741 ses

274 1777 402 1875 Erigit?
418 1779 498 1847 hinc
518 1779 628 1846 auimo
647 1777 772 1846 frustra
789 1777 956 1846 tumuistis
974 1774 1088 1845 inani?-

274 1889 352 1956 Non
373 1888 417 1954 ita
433 1887 623 1953 Romanurn
646 1883 704 1953 sati
724 1882 877 1952 violentia
899 1907 1022 1951 nornen

275 1993 463 2087 Opprirnit,
487 2005 525 2059 ut
544 2005 672 2060 vestros
692 2003 835 2084 nequeat
856 1989 973 2084 punire
991 1985 1151 2057 tumultus

273 2102 372 2167 Parte
388 2099 446 2167 sui.
464 2100 537 2166 Neu
556 2121 616 2166 vos
633 2096 732 2190 longe
755 2119 907 2165 sermone
928 2095 1032 2190 petito

273 2209 451 2292 Demerer,
470 2201 658 2298 exemplum
678 2204 799 2271 veteris
818 2203 1008 2297 cognoscite
1027 2200 1113 2270 lacti.
1304 2226 1343 2278 sss

272 2313 386 2402 Quum
406 2309 494 2378 ferus
510 2311 672 2378 Ausonias
691 2308 911 2403 perfringeret
924 2305 1089 2384 Hannibal
1101 2329 1212 2391 arces,

274 2554 351 2605 nrm,
364 2534 642 2606 diciturracua,quis
653 2536 784 2591 rbestdo.
871 2537 934 2609 378.
964 2537 1133 2610 Eurystheus,
1166 2537 1343 2609 Mycenarum

276 2616 373 2685 minus,
385 2614 432 2687 qui
440 2632 498 2667 eom
508 2613 613 2685 replere
622 2614 709 2670 debet„
829 2636 892 2682 rex,
907 2618 952 2671 cui
964 2618 1020 2670 leto
1032 2614 1165 2688 quodem,
1182 2629 1209 2669 et
1221 2628 1277 2670 arte
1291 2616 1341 2668 Ju-

323 2694 388 2765 371.
410 2694 552 2746 Libertatem
565 2714 665 2765 perosus
683 2696 784 2759 lrorror,
829 2697 923 2762 nonis,
947 2697 1046 2750 servire
1068 2710 1175 2750 cosmus
1198 2696 1341 2759 Hercules,

275 2775 374 2839 verbu,
389 2772 492 2827 servilis
504 2785 605 2839 metus,
616 2774 663 2846 qui
678 2794 738 2827 cum
753 2776 787 2828 li·
830 2776 976 2830 celebratos
997 2776 1058 2829 illos
1069 2777 1187 2837 labores,
1203 2796 1226 2830 s.
1242 2778 1341 2847 risere<

274 2855 379 2906 bertate
394 2851 537 2906 consistere
550 2870 605 2904 non
622 2866 717 2925 potest.
731 2855 787 2907 Ubi
830 2856 924 2911 abillo
938 2856 1082 2927 imperatos
1092 2857 1202 2928 peregit.
1215 2886 1257 2900 -
1268 2855 1343 2909 Color

274 2933 383 2985 libertas
404 2943 457 2995 est,
481 2950 511 2983 ea
533 2932 641 3002 expellit
663 2947 786 2997 metum,
831 2934 908 2989 MSS.
925 2936 1035 3009 Iniquom
1048 2935 1105 2989 MS.

274 3012 414 3065 inimicum
429 3030 518 3073 suum,
539 3012 649 3082 quicum
666 3013 788 3067 habitere
873 3013 937 3068 380.
956 3014 1111 3069 Vindelicos
1130 3028 1157 3069 et
1174 3016 1287 3069 Noricos
1304 3016 1351 3067 elv

276 3092 305 3145 in
318 3110 375 3145 uno
389 3104 498 3163 pectore
511 3092 615 3162 nequit.
831 3094 952 3164 loquitur
965 3095 1011 3148 hio
1024 3095 1151 3162 Stilicho,
1164 3094 1342 3149 delectionem

323 3172 389 3243 37²·
412 3170 515 3225 Conscia
530 3184 630 3241 pertore
651 3172 787 3238 absolute,
832 3185 989 3245 spectantes,
1006 3173 1041 3228 de
1053 3175 1151 3246 qrribus
1163 3194 1179 3229 e
1192 3196 1221 3229 r.
1236 3176 1302 3229 363.

275 3266 305 3305 ut
314 3251 477 3322 intelligatur
489 3250 621 3323 quidquid
635 3264 735 3305 metum
745 3252 787 3304 in·
864 3252 1344 3325 384.Simihirecitesset,autequem

275 3344 366 3385 cutere
384 3331 428 3383 rel
448 3350 543 3402 augere
563 3343 674 3403 potest:
694 3335 788 3384 conscia
832 3326 991 3399 ederet',hos
1000 3352 1090 3387 versus
1102 3348 1190 3406 poete,
1197 3352 1342 3405 rogassem,

274 3411 500 3481 promeritorum,
511 3411 558 3463 ire
570 3410 685 3476 domini,
699 3430 788 3465 exem·
832 3424 863 3464 ut
880 3412 951 3465 hene
963 3414 1147 3484 parenthesin,
1165 3416 1220 3468 Neu
1234 3433 1286 3464 aros.
1297 3451 1303 3464 .
1316 3452 1341 3465 ..

274 3490 383 3561 plorum
398 3491 431 3542 ab
446 3489 493 3541 illo
509 3488 656 3559 editorum,
670 3503 720 3543 etc.
832 3492 954 3555 demorer,
987 3493 1137 3560 omitteret,
1166 3511 1226 3564 quas
1252 3492 1342 3545 uncio

324 3569 390 3640 374.
416 3570 491 3641 laque
512 3589 575 3632 urro,·
600 3588 694 3641 magne
716 3582 788 3623 certe
833 3570 899 3643 quid
907 3570 1034 3626 indecens
1044 3574 1164 3641 mihi,et
1173 3568 1344 3642 languidum,

274 3650 345 3701 laus:
358 3668 427 3702 unus
438 3648 551 3702 Stilicho
561 3648 726 3721 perfecit,ut
736 3650 789 3703 Im·
832 3664 860 3703 et
878 3670 973 3723 pamm
993 3653 1085 3706 efficax
1107 3653 1203 3707 bebere
1224 3650 1343 3704 videtin.

275 3741 382 3799 perator
411 3728 561 3793 Honorius,
588 3729 678 3793 Italia,
704 3730 788 3782 Roma
832 3731 895 3783 Non
919 3744 1024 3785 tentum
1048 3734 1117 3786 nihil
1142 3728 1253 3784 decedet
1279 3732 1345 3784 huic

243 3823 246 3831 ·
273 3808 381 3860 solitum
392 3805 561 3880 splendorem
573 3808 787 3873 retinerent,sic·
832 3811 906 3875 loeo,
923 3809 970 3864 sed
989 3813 1064 3884 rigor
1078 3810 1183 3865 socedat
1200 3824 1227 3864 et
1245 3830 1343 3865 nervo·

180 3902 185 3915 ·
273 3905 326 3957 que
334 3888 469 3942 iueohsec
478 3887 570 3941 omnia
580 3884 787 3941 effulserunt.-'
830 3908 892 3941 rum
910 3890 1026 3961 aliquid,
1039 3894 1061 3946 si
1076 3892 1227 3946 hecverba
1242 3892 1343 3963 simpli-

273 3968 383 4026 Latr'um,
396 3966 542 4036 imperium
551 3969 628 4021 llom.
640 3979 670 4020 ut
678 3986 704 4020 v.
718 3968 785 4030 364.
831 3968 899 4021 citer
911 3971 1077 4025 omittantur.

306 4045 379 4114 375.
397 4044 499 4114 AEquo,
516 4064 570 4099 uon
586 4046 687 4101 tristior
705 4066 786 4119 quam
872 4046 937 4101 385.
952 4050 1015 4101 Fati
1023 4051 1085 4106 Vic.
1098 4051 1179 4107 Vien.
1191 4053 1249 4105 Bas.
1260 4068 1344 4121 marg.¹

269 4124 351 4191 (lecet,
499 4128 501 4132 ’
663 4128 665 4135 ’
786 4136 789 4140 “
830 4128 927 4193 Recte,
941 4142 1016 4199 puto.

1497 3819 1499 3972 l
