3034 4900
323 437 392 506 DE
421 433 600 504 RAPTU
626 432 880 501 PROSERP.
908 433 1004 502 LIB.
1032 435 1058 503 1.
1148 458 1220 529 207

153 576 242 642 Rem
263 569 377 666 peragi
396 581 542 660 tempus3
560 564 642 635 fines
660 563 781 634 invade
798 566 953 654 Sicanos3

155 683 203 748 Et
223 677 354 747 Cereris
373 672 501 768 prolem
520 670 641 768 patulis
663 669 801 740 illudere
821 674 961 766 campis,

157 786 313 854 Crastina
329 780 488 877 puniceos
506 803 608 873 quum
624 777 681 847 lux
699 777 861 847 detexerit
878 793 988 867 ortus,

157 893 253 984 Coge
275 889 339 958 tuis
357 899 484 955 armata
501 883 603 972 dolis,
622 884 743 979 quihus
763 909 860 953 urere
877 899 1014 971 cuncta,

158 999 219 1066 Me
237 1017 369 1091 qnoque
391 1015 497 1087 saepe,
517 990 619 1060 soles:
639 1015 699 1061 cur
719 989 834 1060 ultima
851 1016 954 1086 regna
975 992 1169 1086 quiescunt?

145 1101 262 1173 'Nulla
284 1103 326 1170 sit
344 1100 500 1169 immunis
521 1099 629 1192 regio,
647 1095 841 1192 nullumque
859 1098 920 1166 sub
942 1099 1069 1170 umbris

158 1211 282 1278 Pectus
300 1209 510 1278 inaccensum
527 1205 669 1274 Veneri:
684 1204 752 1298 jam
773 1205 873 1273 tristis
893 1206 1036 1300 Erinnys

161 1316 291 1384 Sentiat
309 1311 465 1398 ardores3
481 1311 656 1396 Acheron,
674 1311 826 1404 Ditisque
844 1313 950 1380 severi
1112 1306 1116 1310 “

161 1425 284 1490 Ferrea
302 1417 431 1488 lascivis
449 1415 649 1488 mollescant
665 1415 767 1486 corda
789 1417 955 1512 sagittis.»

217 1523 389 1596 Accelerat
407 1523 572 1619 praecepta
590 1525 704 1592 Venus
724 1523 905 1618 :jussuque
925 1528 1069 1619 parentis

163 1630 291 1720 Pallas,
312 1645 346 1700 et
362 1630 483 1700 inflexo
502 1655 575 1724 quae
596 1643 699 1698 terret
717 1628 859 1699 Maenala
879 1655 1001 1721 cornu,

164 1737 302 1808 Addunt
324 1763 359 1807 se
376 1739 532 1807 comites:
553 1736 666 1805 divino
688 1738 804 1806 semita
822 1762 936 1832 gressu

165 1843 313 1914 Claruit:
331 1844 507 1939 augurium
526 1840 631 1937 qualis
652 1841 778 1912 laturus
799 1845 950 1938 iniquum

167 1953 296 2046 Praepes
317 1951 500 2044 sanguineo
520 1947 679 2018 dilabitur
700 1953 777 2045 igne
798 1965 942 2020 cometes

208 2161 275 2214 218.
292 2157 402 2212 Sicanos.
417 2153 519 2208 Sicania
533 2153 623 2219 dicta,
638 2155 681 2208 vel
724 2155 878 2226 frequenter
901 2157 938 2209 ita
958 2157 1063 2229 signant
1081 2172 1186 2230 poete,
1202 2162 1231 2215 in

169 2236 420 2304 sSicano,Brisrei
433 2233 551 2308 cyclopis
564 2233 642 2299 lilio,
655 2247 682 2287 et
724 2235 864 2288 venatione
893 2236 933 2289 nti
963 2238 1067 2291 solitam
1098 2239 1232 2307 Dianam,

171 2323 257 2372 AEtnu
270 2319 369 2382 fratre,
382 2316 425 2369 vel
439 2333 454 2367 a
469 2313 564 2366 Sicano
578 2331 648 2385 rege.
724 2315 828 2368 nummi
840 2312 945 2370 docent.
957 2317 1059 2372 Venari
1068 2331 1157 2373 eutem
1166 2322 1231 2376 solet

214 2417 280 2453 rao.
295 2398 429 2460 Puniceus,
445 2392 473 2446 id
487 2405 526 2446 est
539 2395 682 2461 rubentes,
724 2411 774 2468 per
786 2395 895 2449 Menan
909 2397 1005 2463 etiam,
1020 2397 1139 2455 Arctdire
1154 2420 1231 2456 mon·

173 2480 257 2551 qualis
271 2492 311 2532 est
329 2489 405 2531 ortus
423 2492 540 2540 curum
553 2492 601 2527 sen
618 2492 682 2545 pur·
725 2488 795 2529 tana.
809 2475 872 2530 Vid.
883 2478 977 2545 XVII,
993 2480 1056 2549 390.

170 2578 283 2631 parens,
296 2577 311 2611 a
324 2574 448 2629 purpura
461 2572 520 2627 qun
532 2554 683 2626 tingebatur
769 2557 835 2610 231.
857 2557 969 2611 Cometen
983 2559 1028 2611 hic
1042 2558 1121 2613 etism
1141 2576 1233 2633 aperte

170 2640 235 2711 'lpri
250 2636 324 2711 apud
338 2637 496 2701 annices,
510 2635 557 2707 qui
574 2648 601 2688 et
618 2632 683 2689 dicti
726 2636 850 2707 intelligit
861 2650 999 2691 meteoron
1017 2658 1073 2693 non
1089 2642 1233 2696 consistens

170 2719 261 2785 Pteni,
277 2716 348 2773 uude
366 2716 484 2770 Punicus
498 2726 526 2767 'et
540 2714 683 2769 Puniceus.
725 2717 907 2788 aliquantum,
920 2730 965 2771 unt
973 2720 1170 2791 progressiones
1183 2735 1235 2775 tar·

210 2818 269 2852 aar.
288 2800 371 2867 Coge,
387 2793 537 2869 persuade:
554 2792 601 2848 sed
615 2794 684 2849 forte
727 2794 789 2862 das,
807 2796 890 2849 instar
904 2798 1036 2869 planetu,
1052 2800 1172 2855 habens:
1187 2801 1234 2856 sed

170 2879 251 2931 simul
262 2877 486 2951 philosophatur,
500 2886 527 2928 et
536 2874 635 2929 indicat
645 2894 686 2928 re·
727 2876 779 2929 tale
790 2878 864 2947 cujus
876 2877 931 2929 sive
943 2896 1050 2950 preceps
1060 2881 1116 2933 sive
1123 2900 1233 2953 praepes,

171 2959 227 3011 sisti
242 2976 300 3011 non
312 2976 390 3028 posse
400 2957 480 3010 armis
492 2955 609 3007 Veneris
619 2954 647 3009 h.
660 2974 683 3007 e.
726 2955 779 3010 hoc
796 2968 849 3017 est,
870 2957 987 3011 volucris
1005 2960 1109 3031 lapsus,
1125 2960 1235 3033 delapsio

170 3036 250 3091 dolis.
264 3035 485 3107 Illudmpsroque
494 3035 614 3107 leporem
625 3035 686 3088 Ale·
727 3037 771 3089 vel
794 3034 900 3107 dilapsus
921 3039 1055 3092 observari
1080 3057 1139 3092 uno
1163 3043 1237 3095 velut

171 3114 337 3169 sandrinmu
351 3116 442 3179 habet,
458 3133 511 3187 quo
525 3114 623 3167 fatetur
636 3116 686 3167 Ju·
728 3126 865 3168 momento
884 3119 977 3187 possit.
995 3120 1059 3171 Huc
1079 3118 1188 3189 quidem
1208 3122 1236 3173 in

171 3198 258 3268 piter,
271 3194 536 3248 semuliercnlarium
549 3212 611 3247 esse.
727 3196 780 3248 hoc
797 3195 866 3247 loco.
884 3194 1052 3250 stabiliorem
1071 3193 1179 3251 videtur
1199 3200 1236 3253 t‘a·
1269 3216 1276 3226 ·

215 3281 284 3339 aad.
304 3275 402 3327 Utrum
425 3274 478 3327 hoc
500 3272 605 3327 dicatur
622 3290 684 3325 cum
728 3292 788 3327 cere
809 3275 907 3341 xvn,
932 3294 984 3329 rra
998 3274 1078 3349 ,laed
1098 3293 1236 3333 meteoron

172 3356 305 3410 relatione
321 3352 356 3407 ad
370 3354 501 3418 sabulum,
520 3353 549 3405 in
566 3370 617 3424 qut
633 3354 687 3406 sint
730 3367 825 3407 tamen.
849 3354 914 3408 Erat
929 3356 986 3409 hree
1012 3372 1069 3411 tum
1088 3362 1238 3414 communis

173 3454 277 3490 amores
299 3434 460 3506 Erinnyos,
486 3451 540 3485 non
563 3431 684 3486 dixerim.
730 3434 784 3486 fere
804 3436 949 3499 sententia,
963 3436 1113 3491 Stoicarum
1127 3460 1238 3512 preser-

174 3516 316 3589 Virgines,
329 3516 367 3568 dai
380 3516 497 3585 rapuisse
512 3502 623 3585 ἡιννὶκ,
639 3532 687 3565 vo·
730 3515 848 3576 tim,cui
857 3528 946 3569 tamen
957 3534 1103 3590 repugnare
1115 3540 1194 3574 ausus
1200 3532 1241 3574 est

174 3608 218 3649 cat
226 3597 318 3649 Furias
325 3594 483 3667 Sophocles,
493 3594 564 3663 Ajuc.
571 3591 686 3664 flagellis.
730 3593 828 3646 Seneca
836 3633 843 3658 ,
852 3595 885 3660 Q.
898 3596 932 3647 N.
943 3594 1013 3662 vu,
1025 3624 1036 3645 ι
1047 3598 1109 3651 Non
1118 3601 1239 3655 existimo

176 3694 203 3728 v.
218 3678 283 3738 846.
299 3673 351 3729 Sed
362 3673 506 3745 «Orphne,
518 3673 593 3725 luter
604 3674 687 3725 Aver·
730 3686 852 3727 cometen
874 3676 1042 3729 subitaneum
1065 3669 1170 3749 ignem,
1193 3676 1240 3732 sed

175 3756 250 3807 nales
263 3753 335 3807 haud
352 3753 518 3827 ignotissima
532 3752 688 3825 Nymphas,
731 3754 803 3807 inter
812 3766 909 3807 aeterna
919 3769 1111 3825 operunaturre
1126 3778 1150 3824 ις
1161 3758 1242 3826 cta3,

175 3834 218 3887 Ex
227 3832 378 3887 Acheronte
392 3850 444 3887 suo
460 3832 543 3886 furvis
554 3832 689 3904 peperisse
734 3845 865 3887 «cometes
878 3834 1006 3887 emetitur
1018 3837 1135 3905 spatium
1144 3856 1239 3903 sunm,

175 3914 227 3967 sub
244 3912 327 3966 antris
343 3913 538 3985 Ascalaphum,
557 3936 568 3958 ι
588 3930 688 3966 memo·
732 3930 782 3965 nee
795 3912 989 3984 exstinguitur,
1007 3912 1054 3967 sed
1069 3914 1194 3971 excedit..
1207 3952 1234 3967 ..

176 4007 252 4047 ratur
262 3991 360 4047 Ovidio
373 3995 440 4048 Met.
452 3993 488 4057 V,
500 3992 566 4060 539.
732 3990 806 4059 Quid
826 4004 883 4056 est,
902 4010 983 4062 quare
1007 3993 1035 4046 in
1059 3994 1146 4067 aliqua
1165 4013 1243 4070 parte

209 4068 689 4143 aaB.'1rfieeccamni.e.arcu,quem
733 4072 827 4126 celum
847 4070 972 4145 persium
995 4093 1051 4127 nou
1072 4076 1139 4130 siti.
1152 4112 1160 4125 ·
1173 4078 1240 4130 -Co-
