3034 4900
416 494 484 561 DE
512 490 567 561 VI
595 490 743 561 CONS.
773 493 1019 563 HONORII.
1197 522 1246 593 99

222 614 350 691 Quirini.
367 619 471 673 Annus
487 612 536 670 ille
551 609 731 671 beatissimus
749 614 781 671 in
798 626 897 691 gentes
915 616 1058 693 prodeat3
1072 616 1153 694 cujus
1167 618 1248 677 initia

221 718 338 766 senatus
364 704 512 781 suscepit,
532 723 618 781 quem
640 705 764 763 Romani
785 706 911 783 primum
933 707 1143 786 adspexerunt3
1161 731 1247 789 quem

221 798 352 857 Victoria
366 794 621 868 fortunatarum,
637 794 721 855 bellis
735 798 874 857 confectis
885 821 894 871 ;
904 800 956 877 qui
966 800 1070 859 melior
1080 805 1244 881 preteritis,

220 892 297 951 sicut
307 904 337 949 et
348 890 455 977 futuris
465 889 630 968 exemplum
642 890 711 960 crit;
727 890 891 962 578-660.

600 1042 832 1067 ...Θ-..-

187 1134 352 1250 Auuns
369 1179 525 1245 Fortunae
544 1170 673 1245 Reduci
690 1177 717 1243 si
733 1176 857 1271 templu
876 1179 1003 1272 priores

184 1282 239 1351 Oh
257 1282 399 1351 reditum
423 1306 545 1351 vovere
560 1280 702 1367 ducum,
720 1305 800 1351 num
821 1282 950 1375 dignius
968 1310 1112 1381 unquam

184 1392 263 1458 Haec
283 1389 346 1457 dea
367 1412 429 1483 pro
447 1389 572 1457 meritis
589 1385 714 1482 amplus
734 1388 796 1457 sibi
809 1404 960 1483 posceret
975 1392 1075 1479 aedes,

181 1495 294 1583 Quam
313 1518 373 1563 sua
385 1518 497 1587 ,quum
515 1494 639 1587 pariter
656 1492 778 1561 trabeis
795 1510 966 1588 reparatur
983 1512 1017 1566 et
1030 1500 1113 1571 Urbi

182 1596 369 1694 Majcstas?
388 1623 450 1685 nec
466 1601 553 1667 enim
575 1622 712 1694 campus
727 1598 880 1669 solemnis
900 1615 934 1670 et
953 1627 1036 1672 urna
1229 1640 1241 1679 s

182 1705 326 1774 Luditur
345 1707 380 1772 in
398 1729 524 1773 morem
542 1730 549 1772 :
568 1706 693 1800 species
711 1729 772 1775 nec
792 1705 921 1775 dissona
939 1724 1042 1795 coetu,

182 1814 249 1883 Aut
264 1812 439 1905 peregrina
462 1812 547 1879 nitet
565 1809 707 1881 simulati
725 1804 814 1881 Juiis
831 1814 949 1907 imago.

181 1917 358 2013 Indigenas
374 1916 506 1985 habitus
528 1918 639 1984 nativa
659 1915 784 1986 Palatia
798 1925 951 2005 sumunt,

221 2078 235 2099 '
252 2078 354 2133 Incidit
369 2078 415 2132 bie
436 2077 587 2131 consulatus
606 2080 635 2132 in
655 2080 688 2131 Α.
733 2082 860 2151 conjectu
875 2092 951 2133 erant
970 2082 1089 2136 tribuum
1105 2100 1203 2155 sortes,
1217 2111 1238 2145 s.

183 2160 216 2213 C.
228 2164 296 2225 404,
304 2171 389 2229 gestus
398 2158 427 2210 in
437 2156 690 2230 Occidente,quum
732 2160 857 2230 nomine,
874 2171 905 2210 ut
919 2157 982 2213 inde
1001 2160 1157 2218 educeretur
1171 2187 1240 2239 pre.

183 2238 330 2291 orientalis
338 2237 427 2290 consui
436 2251 504 2290 esset
511 2238 688 2291 Aristaenetus.
732 2238 867 2309 rogatira,
878 2240 954 2309 cujus
964 2238 1120 2312 suffragium
1131 2246 1187 2298 sere
1197 2266 1238 2302 se.

226 2317 460 2370 »somnust
468 2316 574 2370 cesaris
581 2320 691 2387 Augusti
732 2318 780 2389 qui
790 2317 909 2372 solebant
918 2318 1034 2389 relique.
1045 2320 1098 2374 Alii
1107 2326 1238 2400 principes

183 2415 257 2451 mm
273 2394 402 2451 dedicarit
419 2396 447 2450 S.
462 2397 493 2450 Ρ.
510 2397 544 2464 Q.
563 2398 596 2450 lt.
613 2400 689 2470 cujus
731 2396 825 2452 nehus
836 2394 944 2470 quidem
954 2396 1032 2452 ludos
1042 2414 1165 2472 poterant
1175 2425 1237 2478 per·

182 2479 269 2549 imago
290 2479 319 2530 in
338 2475 445 2530 duobus
466 2478 583 2530 nummis
603 2476 689 2531 aureis
730 2477 797 2549 peti.
805 2476 923 2531 Laudem
933 2497 1056 2550 magnam
1065 2500 1114 2535 sno
1123 2485 1238 2559 Trajano

180 2557 252 2630 apud
268 2557 374 2610 Morell.
394 2557 449 2610 tab.
473 2574 522 2622 ιι,
534 2576 562 2610 n.
580 2575 591 2609 1
608 2570 635 2609 et
656 2577 687 2621 n,
731 2575 806 2609 ereo
817 2558 921 2612 arcessit
934 2559 1048 2626 Plinius,
1062 2562 1137 2634 quod
1148 2568 1235 2636 prisco

181 2639 226 2691 ubi
244 2635 298 2690 vid.
315 2636 445 2708 Schlegel.
466 2648 494 2688 et
511 2654 578 2708 quos
595 2634 689 2690 laudat
729 2653 805 2709 more
823 2654 852 2690 se
868 2637 1002 2692 consulem
1018 2637 1161 2712 designari,
1178 2645 1235 2699 adi.

179 2717 281 2770 Fabric.
291 2715 327 2769 ad
336 2717 462 2779 Dionem,
472 2715 531 2780 LV,
544 2735 590 2779 ro,
598 2733 627 2770 u.
639 2717 684 2782 98,
729 2716 809 2786 gique
820 2714 886 2769 adeo
897 2716 1070 2788 jurejurando
1083 2739 1172 2791 passus
1187 2740 1233 2780 est.

178 2798 309 2868 qnil'tiztts
319 2796 482 2866 ᾶπανάγογιν
490 2807 574 2850 vocat.
584 2795 688 2866 Nempe
730 2793 795 2848 vid.
807 2794 873 2848 Pan.
888 2796 978 2852 LXIII
990 2810 1016 2850 et
1028 2799 1129 2855 LXIV.

178 2877 265 2928 Reduc
282 2878 311 2928 in
327 2875 380 2928 hac
397 2874 510 2927 formula
527 2875 628 2945 estqui
646 2893 687 2927 re·
776 2879 803 2927 6.
825 2873 917 2944 Species
937 2889 963 2928 et
984 2877 1089 2932 habitus
1111 2895 1234 2941 externus

178 2952 687 3025 ducit-TemplumDomitianodatum
728 2953 867 3007 bominum
876 2955 1233 3030 nonabhorrebetabeare,

179 3036 295 3088 oeiebrat
306 3034 450 3099 Martialis,
460 3034 545 3097 VIII,
559 3034 606 3087 65.
728 3051 786 3106 quse
798 3035 958 3104 gerebatur:
973 3053 1029 3088 nou
1043 3050 1099 3090 eret
1105 3049 1233 3111 peregrina

223 3113 252 3165 3.
262 3115 360 3166 latias.
372 3147 380 3160 ·
391 3132 472 3165 arces
480 3113 536 3165 MS.
728 3113 765 3164 ob
771 3113 892 3166 hobitum
900 3127 926 3166 et
934 3115 1058 3167 vestitum
1070 3117 1156 3190 imago
1165 3121 1233 3174 luris

223 3199 251 3256 4.
266 3194 363 3245 Troicis
371 3192 554 3246 consularibus
562 3203 687 3262 reparatur
728 3190 802 3262 quod
814 3193 982 3246 simularetur
993 3195 1122 3250 Romani:
1133 3201 1231 3262 verbo,

179 3291 228 3326 sun
240 3273 374 3344 majestas,
386 3271 460 3344 quod
471 3271 584 3343 suscipit
594 3290 687 3324 consu·
727 3273 808 3342 togati
823 3273 994 3326 versabantur
1008 3273 1036 3325 in
1054 3293 1163 3348 campo,
1181 3299 1232 3351 pro

178 3355 264 3406 latum
277 3353 429 3416 Honorius;
443 3351 519 3414 Urbi,
535 3350 608 3422 quod
619 3369 686 3422 pru·
727 3350 845 3414 Rostris,
855 3351 883 3404 in
896 3351 1173 3424 psiatio.-Dissona:
1184 3359 1230 3414 ba·

177 3451 237 3486 sens
251 3435 362 3504 antiquo
375 3432 432 3484 ritu
446 3431 563 3502 suscipit.
727 3430 792 3482 bens
807 3429 910 3485 diversa
922 3431 1054 3504 suffragia.

220 3513 245 3566 5.
254 3513 398 3584 Respice-e
407 3509 512 3563 ridetur
521 3509 555 3562 sd
566 3510 686 3564 acerbum
769 3511 795 3562 8.
809 3511 938 3581 Indigenas
948 3525 1031 3566 vestes
1041 3533 1160 3570 romanas
1171 3536 1233 3572 con·

183 3591 253 3644 ittam
263 3593 366 3645 Luceni
380 3589 517 3663 quereiam
529 3588 565 3642 de
577 3589 687 3643 cesaris
728 3589 858 3642 sularibus
869 3591 982 3644 comitiis
993 3592 1026 3644 ab
1037 3595 1138 3665 origine
1150 3594 1232 3650 desti·

184 3671 310 3735 comitiis,
321 3673 358 3729 V.
375 3671 431 3740 39²
443 3688 451 3720 ε
728 3680 816 3733 natas,
826 3680 852 3721 et
863 3670 936 3722 velut
947 3671 1132 3738 Romanitas,
1141 3688 1187 3728 sut
1199 3677 1231 3729 ab

310 3765 376 3817 Fingit
385 3764 481 3804 solennia
494 3777 587 3817 campus,
671 3788 677 3798 ·
728 3745 857 3818 indigenis
871 3762 1015 3820 usurpatis.
1029 3783 1070 3793 -
1084 3752 1175 3805 Nalt't’a
1186 3775 1234 3826 pa·

183 3831 211 3870 ει
222 3845 261 3870 m
271 3833 353 3873 stain
362 3834 440 3873 urtinse
450 3831 541 3884 affinis·
550 3831 626 3886 plebis,
728 3827 805 3890 latia,
820 3846 846 3898 q.
860 3827 887 3880 d.
902 3829 1034 3881 naturalia
1046 3831 1166 3884 Romano
1179 3835 1232 3887 Im-

182 3905 314 3954 ΜΨ
321 3905 394 3952 ὼ.
403 3915 424 3943 «ῑ
436 3917 486 3942 '¹⁰⁸
497 3912 560 3942 Μ’·
571 3904 592 3941 ³¹¹
603 3915 659 3942 ¹¹⁴²·-
728 3907 852 3978 peratori.
860 3905 1234 3978 Repugnarevideturnaturre

177 3982 329 4048 Simulum
339 3986 542 4056 qualiscumque
553 3981 687 4036 interdum
728 3985 784 4048 rei,
799 3985 988 4056 Imperatorem
1001 3986 1150 4044 Romanum
1165 4013 1235 4058 csse,

176 4063 689 4137 ludebant,potiusquamagebantprisci
730 4078 757 4117 et
782 4063 909 4116 Palatium
924 4065 1072 4120 Romanum
1099 4090 1233 4144 nunquam

176 4143 689 4213 ritus:inbisumedhibits,inquaru
732 4141 815 4196 adire.
1160 4159 1164 4168 ·

1013 4251 1052 4346 7,
