3034 4900
259 412 334 511 276
481 415 556 483 CL.
585 415 884 485 CLAUDIANI
911 418 1095 485 XXXVI.

258 552 378 620 Ducite
400 547 594 642 praeclarum
613 550 742 616 Cereris
759 548 800 616 de
819 552 918 644 stirpe
940 548 1181 642 triumphum.»

311 659 366 724 Sic
388 655 492 739 satur,
514 668 665 747 notaeque
684 654 771 747 jugis
788 653 932 723 illabitur
950 657 1075 741 AEtnae,
1279 687 1317 725 πο

259 765 448 855 Noctivago
468 759 569 828 taedas
591 759 810 828 informatura
831 759 944 829 labori.

311 870 422 936 Lucus
443 880 513 935 erat
531 890 635 960 prope
653 866 776 935 flavum
797 869 895 951 Acin,
912 892 1011 961 quem
1030 867 1168 936 candida
1186 869 1318 962 praefert

258 977 352 1069 Saepe
373 975 476 1057 mari,
502 971 707 1066 pulchroque
729 989 819 1042 secat
841 972 978 1044 Galatea
1001 988 1134 1056 natatu,

257 1083 409 1166 Densus,
430 1094 464 1147 et
485 1078 611 1146 innexis
633 1080 759 1146 AEtnaea
781 1081 951 1149 cacumina
973 1082 1088 1167 ramis,

257 1189 334 1274 Qua
356 1184 436 1254 libet
456 1209 577 1277 usque,
594 1200 708 1278 tegens
728 1211 735 1252 ε
754 1183 819 1254 illic
838 1187 984 1280 posuisse
1003 1200 1173 1255 cruentam
1280 1215 1316 1254 aas

257 1291 393 1386 AEgida,
412 1292 641 1384 captivamque.
664 1305 758 1384 pater
776 1305 851 1386 post
872 1290 982 1386 praelia
1003 1291 1148 1385 praedam

255 1396 435 1466 Advenisse
456 1396 563 1465 datur.
582 1395 757 1489 Phlegraeis
779 1396 859 1466 silva
881 1398 1031 1492 superbit

256 1505 409 1589 Exuviis,
429 1516 601 1595 totumque
623 1525 739 1570 nemus
758 1505 895 1573 victoria
917 1505 1022 1573 vestit.

257 1611 320 1678 llic
343 1606 446 1702 patuli
466 1608 585 1693 rictus;
600 1608 654 1675 hic
674 1608 862 1702 prodigiosa
884 1611 1065 1702 Gigantum

256 1717 403 1808 Tergora
422 1712 628 1807 dependent,
651 1727 684 1782 et
705 1713 815 1783 adhuc
836 1715 969 1785 crudele
988 1715 1155 1784 minantur
1280 1744 1317 1788 su

256 1820 372 1888 Affixae
394 1820 519 1888 truncis
542 1817 661 1905 lacies;
684 1821 902 1915 immaniaque
925 1845 998 1890 ossa

257 1929 454 2020 Serpentum
478 1927 598 2018 passim
620 1925 760 1995 cumulis
782 1927 1002 2022 exsanguibus
1024 1925 1152 2013 albent,

255 2035 301 2100 Et
320 2031 432 2125 rigidae
454 2030 559 2100 multo
579 2033 745 2125 suspirant
767 2033 902 2103 fulmine
924 2032 1043 2128 pelles,
1078 2037 1083 2050 '

298 2247 360 2296 330.
370 2240 444 2294 Notoe
454 2239 542 2292 AEtnoe
554 2240 717 2294 mentionem
728 2241 767 2294 ia·
811 2241 891 2296 tibus.
906 2240 970 2297 Vitl.
983 2261 1007 2295 v.
1024 2246 1086 2304 354.
1099 2239 1200 2295 Similia
1213 2239 1247 2296 de
1260 2240 1318 2296 Pal·

258 2323 308 2388 eit,
321 2318 393 2392 quod
404 2321 504 2372 Hennae
512 2319 766 2392 viciira.—-Vulgat.
812 2322 871 2374 lene
883 2321 1004 2374 Thracias
1017 2322 1076 2374 Val.
1092 2321 1132 2373 Fl.
1149 2323 1192 2387 11,
1210 2319 1318 2394 17‘sqq.

257 2401 372 2466 habent,
385 2400 577 2471 inflammatura,
592 2417 631 2452 vs.
646 2417 684 2470 sq.
700 2401 752 2454 En.
854 2399 919 2455 338.
936 2403 1047 2454 Victoria
1057 2403 1144 2463 uestit,·
1155 2402 1226 2455 nulla
1240 2403 1320 2456 arbor

297 2480 358 2534 332.
374 2482 434 2533 Acis
449 2498 481 2530 ex
495 2490 586 2530 monte
598 2482 678 2533 AEtna
691 2482 768 2533 brevi
812 2492 851 2533 est
862 2499 921 2552 quer
933 2500 988 2533 non
1001 2492 1086 2551 gestet
1096 2479 1205 2551 aliquod
1216 2483 1319 2552 signum

258 2561 353 2615 itinere
368 2560 397 2612 in
410 2575 484 2611 mare
499 2557 626 2611 decurrit.
641 2559 768 2612 Fabulam
812 2560 930 2612 victorie
946 2561 1064 2613 Deorum
1079 2572 1170 2611 contra
1182 2560 1315 2629 Gigantas.

258 2640 345 2704 illius,
356 2657 437 2711 Qum
451 2638 555 2709 juvenis
568 2650 649 2701 esset,
660 2656 673 2688 a
687 2639 768 2709 Poly·
853 2636 918 2705 339.
928 2638 1076 2708 Antiquam
1089 2638 1251 2706 supplicium
1265 2643 1318 2690 leo-

259 2720 357 2792 pbemo
370 2718 460 2782 rivali,
468 2718 504 2768 ob
513 2734 628 2768 amorem
638 2716 768 2783 Galatea,
813 2716 913 2787 μάχων,
922 2717 1065 2781 excoriari,
1078 2717 1150 2767 ἀσκὸν
1158 2716 1215 2769 fieri
1227 2734 1234 2767 :
1244 2717 1319 2787 quod

260 2816 321 2853 saxo
333 2794 468 2867 oppressi,
479 2808 528 2849 etc.
540 2796 646 2865 copiose
661 2798 769 2849 tenerri-
812 2796 891 2848 etiam
906 2796 939 2847 ab
955 2796 1078 2866 Apolline
1090 2814 1179 2865 passus
1191 2808 1230 2849 est
1244 2796 1318 2850 Mar-

259 2892 354 2947 meque
361 2884 450 2927 narrat
456 2872 536 2925 Ovid.
544 2875 609 2927 Met.
617 2875 694 2940 xm,
703 2876 766 2946 750.
812 2893 880 2945 syas.
896 2875 987 2945 Ipsum
999 2893 1097 2926 nomen
1111 2874 1185 2927 ἀσκοῦ
1197 2873 1319 2930 derivant

260 2954 384 3009 Fluvium
396 2952 521 3005 describit
531 2952 637 3005 Cluver.
652 2954 723 3006 Sicil.
736 2956 768 3019 I,
813 2954 986 3006 Grammatici
995 2954 1230 3025 abAscoGigante,
1238 2974 1317 3027 quem

262 3039 290 3101 8,
298 3056 325 3106 p.
341 3038 405 3095 114.
416 3032 555 3102 Hicquum
564 3044 700 3101 poetarum
711 3034 768 3085 loca
812 3032 930 3085 Bacchus
949 3034 1129 3087 excoriaverit.
1143 3034 1208 3087 Vid.
1225 3035 1314 3107 steph.

261 3111 488 3183 solitaudiligentia
500 3111 674 3181 congesserit,
688 3130 768 3183 appa·
812 3113 876 3182 Byz.
897 3114 925 3165 h.
945 3132 968 3165 v.
988 3126 1014 3165 et
1031 3131 1090 3185 quo
1106 3114 1144 3165 ibi
1158 3115 1261 3167 Berlrel.
1278 3148 1317 3159 -—

261 3206 302 3248 ret
320 3193 354 3245 ab
373 3192 495 3244 omnibus
513 3190 631 3261 priorem
649 3191 768 3243 vocalem
813 3192 898 3244 Potuli
910 3196 982 3243 rietm
998 3192 1026 3244 in
1043 3191 1137 3264 primis
1151 3194 1316 3258 horribiles,

261 3274 342 3343 liujus
363 3270 478 3323 nominis
498 3266 669 3340 productam
690 3288 768 3341 quam
814 3272 890 3342 pellis
905 3270 938 3325 de
953 3271 1018 3325 fecie
1033 3270 1167 3341 detracta,
1181 3274 1223 3326 vel
1239 3286 1317 3346 caput

260 3348 528 3420 legemadoctissimo
536 3360 613 3417 poeta
622 3348 770 3419 migratam,
814 3351 843 3403 in
852 3351 1315 3422 personemautgaleamsormatum:

261 3429 336 3483 nullo
350 3426 432 3479 modo
446 3440 485 3480 est
497 3427 644 3497 probabile.
658 3460 699 3471 -
709 3431 770 3482 Flu·
814 3430 926 3501 explicat
940 3428 1039 3483 deinde
1059 3450 1107 3503 per
1121 3432 1210 3501 offieos
1229 3438 1315 3485 truncis

262 3507 506 3569 merrAtliis,Voss.
519 3524 560 3575 pr.
574 3506 759 3577 Multi,Acyn.
809 3512 896 3576 facies.
914 3510 1037 3579 Tergora,
1064 3509 1157 3576 credo,
1180 3511 1262 3576 dixit,
1288 3526 1316 3565 ut

301 3593 363 3657 337.
377 3586 467 3648 Datur,
479 3596 615 3650 narratur,
625 3586 701 3656 Virg.
711 3588 768 3639 Ecl.
794 3646 799 3651 .
814 3600 937 3658 tanquam
954 3588 987 3641 de
998 3590 1108 3655 belluis,
1118 3591 1239 3644 leonibus
1251 3611 1277 3646 v.
1288 3612 1314 3663 g.

261 3670 291 3731 l,
304 3684 355 3735 19,
368 3668 412 3716 iste
424 3666 489 3716 Deus
503 3668 544 3737 qui
554 3668 595 3727 sit,
611 3665 660 3728 do,
675 3668 766 3738 Tityre,
813 3664 887 3737 loqdi
899 3669 977 3720 illum
986 3670 1139 3723 sentiamus.
1150 3671 1213 3723 Ossa
1223 3692 1315 3742 serpen-

261 3746 336 3797 nobr's.
349 3742 413 3796 Vid.
432 3743 522 3796 Barth.
543 3744 588 3795 hic
605 3757 632 3797 et
651 3744 685 3798 ad
702 3745 766 3799 Stat.
815 3760 862 3797 tom
882 3760 944 3799 sunt
965 3748 1016 3800 ille
1038 3749 1157 3819 reliquiae
1173 3750 1215 3802 vel
1228 3752 1316 3803 sceleti

261 3826 346 3877 Theb.
362 3824 432 3886 vn,
455 3824 524 3886 315,
543 3826 638 3893 Asopos
659 3829 768 3893 genuisse
811 3825 911 3896 pedum
931 3827 959 3879 iu
974 3846 1073 3897 angues
1092 3828 1281 3895 formatorum,
1300 3850 1315 3882 a

259 3900 767 3971 deroueettegradicrumedxxvn,
812 3905 907 3975 quibus
929 3908 1072 3976 angreipedes
1097 3923 1233 3961 vocantur.
1251 3906 1314 3961 vid.

260 4002 302 4036 so.
324 3982 428 4033 Esurio
450 3982 586 4051 Phlegroeoe
607 3995 668 4036 sunt
693 3985 767 4036 velut
813 3983 846 4037 ad
871 3985 987 4050 XXXV,
1005 3986 1057 4050 23,
1077 3987 1131 4056 139
1150 4000 1176 4040 et
1198 4006 1240 4041 vv.
1266 4005 1313 4040 nu.

257 4074 370 4132 tropea,
385 4078 445 4131 quie
456 4060 500 4113 Dii
512 4080 617 4115 erexere
629 4060 766 4132 deGigan·
812 4064 844 4115 ad
859 4065 968 4117 vitu.
982 4067 1023 4132 ΙΙ,
1040 4068 1085 4119 28.
1136 4112 1148 4135 ,
