3034 4900
456 456 524 521 DE
553 453 725 524 BELLO
754 456 965 526 GETICO.
1192 463 1237 531 (ir

137 583 404 678 Cornipedum
424 585 536 655 saltus.
555 587 696 679 Jamjam
712 588 934 658 conscendere
952 616 1095 687 puppes,

138 687 387 785 Sardoosque
406 691 558 774 habitare
580 693 690 777 sinus,
710 709 743 762 et
765 695 931 790 inhospita
950 700 1052 790 Cyrni

140 795 242 864 Saxa
264 813 416 890 parant,
437 799 604 892 vitamque
623 798 709 869 freto
728 815 903 895 spumante
924 806 1018 872 tueri.

138 902 234 994 Ipsa
255 903 371 972 etiam
390 903 501 972 diffisa
520 904 613 974 brevi
631 907 800 974 Trinacria
821 921 940 1001 ponto,

143 1006 183 1073 Si
209 1031 343 1076 remim
367 1024 486 1078 natura
506 1011 612 1099 sinat,
629 1010 798 1081 discedere
816 1010 914 1107 louge

145 1113 296 1206 optet,
318 1129 353 1184 et
370 1117 503 1184 Ionium
522 1115 639 1210 refugo
659 1115 770 1186 laxare
785 1116 912 1187 Peloro⁴

145 1216 338 1314 Fultaque
360 1219 542 1315 despiciens
562 1247 645 1292 auro
664 1221 830 1318 laquearia
848 1225 961 1310 dives,

146 1325 291 1394 Tutior
313 1325 430 1395 AEoliis
451 1325 563 1396 mallet
581 1329 699 1398 vixisse
718 1331 876 1398 cavernis.

149 1431 314 1527 lusuque
334 1435 430 1502 oneri
445 1433 629 1502 creduntur
646 1460 746 1529 opes,
767 1434 965 1530 tandemque
983 1435 1084 1505 libido
1207 1465 1244 1503 „s
1274 1494 1280 1517 .,

151 1537 278 1606 Raesit
297 1539 448 1608 araritiae
467 1540 673 1632 gravioribus
693 1541 815 1614 obruta
832 1542 928 1610 curis.

93 1717 104 1738 ·
215 1645 344 1738 thue
365 1657 416 1714 est
433 1647 632 1740 ingenioque
654 1645 791 1738 loquax,
813 1661 847 1715 et
866 1646 1008 1741 plurima
1024 1648 1105 1744 fingi

154 1748 375 1820 Permittens
398 1750 554 1845 credique
576 1753 694 1840 timor3
716 1767 786 1821 tum
811 1754 937 1823 somnia
955 1753 1057 1850 vulgo

158 1854 333 1943 Narrari3
352 1871 427 1926 tum
449 1871 598 1926 monstra
619 1860 748 1946 Deum,
769 1860 977 1954 monitusque
994 1851 1139 1930 sinistri?

161 1959 264 2046 Quid
282 1961 489 2031 meditentur
508 1986 605 2050 aves,
627 1963 705 2057 quid
726 1987 802 2032 cum
819 1964 1013 2035 mortalibus
1032 1969 1135 2035 aether
1207 1993 1244 2030 2³0
1294 2029 1304 2040 .

221 2168 693 2232 asoQunmltulisliiSardiniauset
737 2169 876 2235 stium,vel
889 2170 973 2240 partis
979 2171 1083 2242 jactura
1091 2189 1245 2227 conservare

175 2241 470 2313 Corsicamlbaecenim
479 2247 693 2320 Cyrneest)insu·
735 2248 847 2320 reliqua.

177 2325 222 2378 las
235 2338 344 2397 petant,
357 2339 386 2379 ut
401 2327 462 2380 mari
474 2327 630 2390 circumfluo
641 2329 692 2381 tuti
779 2347 844 2398 ²²7·
863 2323 938 2391 Quid
953 2326 1012 2380 fleri
1025 2327 1053 2380 in
1067 2347 1162 2399 magno
1173 2344 1245 2384 metu

176 2406 253 2473 siut;
275 2407 359 2460 Siculi
373 2425 427 2460 uon
449 2408 513 2461 satis
537 2407 626 2461 fidunt
644 2427 691 2461 an·
736 2425 766 2461 ac
784 2420 886 2461 terrore
902 2408 1001 2472 soleat,
1020 2409 1140 2481 exemplo
1160 2423 1199 2464 est
1212 2411 1245 2464 il·
1257 2397 1288 2454 Ἀ

174 2500 253 2556 gusto
279 2488 363 2555 freto,
384 2486 457 2559 quod
479 2506 553 2541 susm
577 2488 691 2541 insulam
735 2487 785 2540 lud
809 2488 920 2540 Vesuvii
942 2486 1114 2557 incendium,
1135 2487 1169 2543 de
1190 2510 1245 2562 quo
1292 2480 1310 2503 '

173 2566 300 2621 abitalia
319 2580 434 2638 separat.
453 2567 536 2638 Optat
554 2568 636 2639 igitur
650 2568 692 2621 si·
734 2568 804 2620 Plin.
828 2568 912 2639 Epist.
932 2567 986 2633 VI,
1013 2581 1066 2620 so:
1092 2568 1139 2621 15„
1164 2572 1245 2624 «Nec

172 2647 232 2698 cilia
253 2644 385 2700 recedere
406 2649 440 2698 sb
463 2646 506 2699 illa
527 2648 648 2719 longius,
666 2661 692 2701 et
735 2645 897 2712 defuerunt,
916 2648 963 2717 qui
984 2646 1053 2700 lictis
1073 2648 1244 2722 mentitisque

171 2726 268 2779 Inuisus
277 2744 370 2791 mure,
385 2726 412 2779 in
427 2727 558 2797 angustias
569 2741 692 2780 coactum
734 2727 881 2779 terroribus
898 2745 960 2778 vers
978 2726 1096 2797 pericula
1117 2742 1245 2800 augerent

172 2802 200 2858 iu
214 2806 286 2859 freto
301 2805 415 2871 Siculo,
429 2804 540 2859 dilatare
551 2805 692 2860 recedente
736 2846 742 2858 .
758 2805 879 2871 ..lulso‚
897 2802 944 2858 sed
962 2804 1133 2860 credentibus
1154 2828 1244 2862 narra·

170 2885 270 2939 Peloro
279 2897 419 2957 promont.
429 2904 463 2937 ne
471 2886 601 2937 nimirum
612 2887 647 2939 ita
653 2886 691 2938 sa·
733 2886 805 2937 bant.
817 2924 844 2937 ..
860 2885 980 2956 plerique
998 2885 1130 2957 lymphati
1145 2890 1244 2942 terrifi-

170 2965 229 3018 crlis
243 2984 277 3017 ex
287 2964 367 3019 Italia
382 2966 505 3033 trajectus
516 2965 551 3017 sit
560 2966 690 3019 hostibus.
733 2964 770 3017 cis
782 2964 1051 3040 reticiustionibuset
1062 2984 1109 3019 sua
1120 2979 1147 3018 et
1159 2968 1244 3023 aliena

216 3046 284 3098 223.
304 3046 445 3116 laquearia
465 3062 525 3097 sum
539 3046 608 3111 fulta
629 3055 692 3097 sunt
736 3038 1027 3099 malsludilicabsntur.
1039 3069 1050 3090 ι

171 3124 692 3194 ωῐυωιιιιεε,ευιῑίηειιῑεείαᾳυειι
780 3120 1246 3193 230.Quidmeditentur:etscirevo·

167 3204 213 3257 ria
223 3201 366 3273 splendide
379 3216 407 3256 et
418 3204 476 3274 ipsu
492 3203 571 3257 culta.
582 3204 622 3258 De
633 3223 691 3257 ver·
717 3260 721 3270 ,
734 3202 797 3255 lunt
806 3221 912 3266 omues,
922 3200 989 3275 quid
1004 3220 1063 3255 ures
1073 3202 1243 3273 portendant.

165 3284 209 3337 bo
222 3282 296 3350 salta
310 3282 366 3335 rid.
386 3280 527 3347 XXVI-II,
548 3284 613 3337 168,
629 3283 691 3337 Huc
736 3312 776 3323 —
791 3281 973 3336 Calumniator
986 3281 1080 3345 suerit,
1096 3282 1119 3335 si
1134 3284 1192 3353 quis
1203 3303 1246 3337 ac·

165 3362 310 3434 laquearis
332 3380 409 3415 nuuc
428 3359 583 3432 despiciunt
596 3360 691 3416 divites
735 3374 809 3415 cuset
822 3373 944 3433 poetam,
957 3373 1004 3413 aut
1014 3360 1064 3412 sibi
1079 3364 1245 3433 persuasisse,

167 3440 295 3507 domini,
316 3442 390 3494 nihil
409 3440 464 3493 sibi
484 3438 611 3512 prodesse
631 3460 691 3496 sen·
735 3453 781 3493 aut
791 3441 904 3503 voluisse
913 3438 1021 3493 credere
1029 3439 1243 3506 aliusmodituri,

173 3522 264 3587 siunt,
278 3534 307 3575 et
324 3520 425 3573 malint
438 3518 593 3574 delitescere
607 3520 635 3574 in
648 3540 691 3575 os·
736 3520 828 3573 conari
854 3519 955 3591 aliquid
973 3538 1046 3586 aves,
1065 3522 1182 3575 conscias
1202 3523 1247 3574 vel

175 3602 261 3655 seruis
280 3601 436 3654 vicinarum
457 3599 607 3652 insularum
629 3604 691 3653 AEo·
736 3598 848 3651 hussel
870 3601 968 3652 ethera
989 3600 1040 3653 sibi
1059 3619 1166 3653 suarum
1190 3618 1246 3654 esse

176 3678 279 3733 lisruru.
735 3672 1035 3749 significationumzsed
1048 3692 1110 3731 sunt
1123 3682 1179 3731 istu
1189 3697 1245 3731 me-

219 3764 281 3813 226.
300 3762 388 3813 Hoesit
410 3761 538 3822 avaritia,
561 3758 692 3824 substitit,
737 3758 869 3829 tspborte,
884 3776 898 3810 a
910 3759 1032 3829 qualibus
1044 3776 1094 3809 uec
1105 3756 1160 3810 vita
1173 3776 1246 3813 oom-

174 3837 204 3889 in
212 3853 336 3909 quamsm
345 3840 393 3893 tali
401 3852 526 3909 tempore
534 3855 614 3891 nemo
624 3837 693 3909 quis·
736 3838 826 3890 munis
839 3856 943 3908 semper
959 3837 1093 3889 abhorret.
1111 3836 1178 3901 Quis
1192 3858 1247 3892 non

170 3936 258 3990 quarn
273 3920 329 3990 plus
343 3920 464 3983 babere,
480 3934 578 3987 augere
592 3936 692 3989 posses·
736 3912 808 3969 dicat
828 3934 891 3968 cum
911 3916 1041 3968 Cicerone
1055 3914 1134 3968 Verr.
1154 3918 1200 3979 11,
1221 3938 1247 3971 c.

164 3998 261 4053 siones
275 4017 333 4053 suns
349 3999 445 4072 cupit,
463 3992 514 4053 sed
526 4014 585 4067 qun
598 3996 692 4061 babet,
738 3999 785 4049 61.
803 4020 815 4042 ι
839 3993 914 4058 Quid
932 4011 995 4063 ergo
1014 3992 1066 4046 sibi
1087 3994 1138 4049 illse
1155 4010 1248 4050 statuae

160 4098 192 4133 ea
213 4096 361 4133 removere
375 4076 475 4133 studet
493 4075 528 4127 ab
547 4076 629 4129 oculis
643 4077 693 4130 bo·
738 4073 1246 4145 equestresinuuraterolunii»eiga.
