3034 4900
272 438 346 528 294
476 434 549 506 CL.
579 429 888 498 CLAUDIANI
917 429 1128 496 XXXVII.

269 564 403 660 Duplex
423 563 566 634 semiferi
585 562 794 632 connectitur
814 559 910 629 ilibus
921 561 1064 655 anguis,

269 674 378 766 Atque
394 695 461 741 uno
478 684 588 740 ternas
603 671 728 738 animas
743 667 899 736 interficit
914 669 991 736 ictu.

270 780 355 845 Tum
378 775 636 872 superinsultans
653 774 769 844 avidus
788 772 976 869 languentia
993 796 1094 841 curru

270 883 424 952 Membra
441 885 536 969 terit,
552 881 759 976 multumque
778 894 858 950 rotae
874 903 1023 976 sparsere
1039 879 1175 948 cruoris.

323 991 479 1060 Occurrit
496 1015 558 1084 pro
574 989 675 1059 fratre
690 989 826 1074 Mimas,
843 989 1072 1079 Lemnumque
1087 983 1247 1055 calentem
1309 1013 1334 1053 ss

270 1099 356 1166 Cum
372 1095 440 1165 lare
456 1095 597 1166 Vulcani
612 1094 841 1190 spumantibus
858 1093 946 1162 eruit
961 1090 1081 1179 undis;

269 1204 313 1271 Et
331 1227 435 1299 prope
453 1204 616 1288 torsisset,
633 1203 660 1270 si
678 1225 746 1270 non
762 1201 928 1268 Mavortia
944 1199 1054 1292 cuspis

268 1312 355 1378 Ante
376 1306 521 1377 revelato
541 1308 713 1376 cerebrum
735 1306 872 1375 fudisset
893 1306 934 1373 ab
956 1329 1024 1374 ore.

269 1413 330 1482 Ille
352 1416 424 1484 viro
445 1428 517 1483 toto
539 1417 700 1501 moriens,
717 1412 922 1508 serpentibus
941 1413 1014 1480 imis
1331 1492 1334 1504 Ι

270 1521 363 1590 Vivit
383 1521 493 1589 adhuc
513 1520 654 1590 stridore
676 1521 787 1605 ferox,
809 1534 843 1588 et
860 1531 953 1614 parte
970 1513 1083 1586 rebelli
1308 1557 1334 1596 μ

269 1629 439 1697 Victorem
458 1627 618 1722 postlata
637 1628 727 1724 petit.
737 1627 884 1694 Tritonia
899 1626 993 1719 virgo

219 1798 222 1804 .
270 1732 417 1819 Prosilit,
435 1733 611 1802 ostendens
626 1731 722 1801 rutila
740 1756 816 1801 cum
834 1733 992 1824 Gorgone
1009 1742 1141 1824 pectus,

268 1840 435 1935 Adspectu
453 1853 608 1909 contenta
626 1863 705 1926 suo,
721 1863 789 1906 non
805 1837 909 1906 utitur
924 1836 1038 1906 hasta:

270 2028 451 2097 moesti-orisque
463 2022 570 2074 membris
585 2022 712 2075 horribilis.
726 2023 777 2076 En.
821 2034 858 2074 tite
871 2033 966 2074 hunum
977 2048 1012 2087 pro
1026 2033 1085 2074 trane
1100 2031 1172 2073 aliun
1188 2040 1256 2072 mam
1272 2031 1333 2084 ιςίὼ

309 2103 356 2157 81.
369 2104 468 2174 Duplex
483 2105 586 2173 angitis,
603 2122 653 2172 pro
672 2099 779 2154 duobus
900 2121 995 2164 usquin,

269 2181 400 2254 pedibus,
419 2187 564 2236 connectitur
583 2181 655 2234 ilibus
677 2183 782 2249 semiferi
821 2187 1317 2245 rapusnmqsaqnoijwununmaearm:

270 2263 400 2333 Gigantis.
414 2263 462 2316 Ilia
472 2265 580 2331 “misem
587 2281 642 2314 non
652 2261 780 2315 videntur
820 2267 954 2310 Plurimnsh'e
961 2269 1051 2309 Briareus
1057 2266 1153 2322 populoso
1159 2275 1331 2321 carperemus,

270 2341 343 2408 dici,
358 2341 404 2396 sed
426 2345 520 2410 umisa·
537 2355 576 2395 est
597 2353 669 2394 totus
682 2342 779 2413 Gigas,
820 2343 1307 2400 coguumporunuuen‚euimumton0

269 2423 398 2487 Pelorus,
411 2421 486 2495 quod
499 2423 587 2494 ipsum
597 2441 694 2475 nomen
705 2441 780 2475 mon.
820 2421 894 2466 Germ
905 2426 987 2466 umoris
997 2423 1071 2480 palmas
1082 2424 1174 2466 tradem
1183 2423 1267 2465 hernia.

270 2519 354 2556 strum
374 2516 401 2557 et
416 2502 568 2575 prodigium
586 2516 677 2563 notat,
691 2515 719 2556 et
734 2500 780 2555 da·
861 2504 908 2555 86.
931 2503 1003 2555 Bene
1025 2503 1143 2567 lactum,
1162 2500 1235 2574 quod
1258 2500 1332 2555 domi

270 2594 328 2635 tum
336 2583 383 2636 uni
392 2576 427 2636 de
436 2583 624 2655 promontoriis
635 2582 718 2635 tribus
727 2600 779 2633 mu·
820 2598 874 2632 non
885 2582 937 2647 fuit
945 2582 1096 2640 Vulcanus,
1109 2583 1259 2653 pericnlum
1271 2584 1333 2637 alias

269 2664 327 2733 gnis
338 2663 443 2717 Siciliae.
451 2664 503 2719 Cui
512 2664 564 2717 hoc
574 2662 712 2734 epitheton
722 2680 778 2715 uon
819 2659 956 2713 subiturus
969 2661 1009 2713 illi
1021 2680 1076 2715 non
1092 2659 1235 2727 dissimile,
1248 2681 1330 2734 quum

268 2743 357 2794 minus
378 2762 460 2813 quarn
486 2744 641 2807 Centauris,
662 2760 778 2813 quorum
819 2737 853 2792 de
867 2740 930 2792 celo
946 2738 1062 2810 dejectus
1080 2754 1135 2801 est,
1152 2746 1191 2823 la..
1204 2760 1236 2806 a,
1255 2744 1330 2812 591,

269 2840 344 2892 prenc
359 2822 499 2891 proprium
510 2836 548 2877 est
559 2862 566 2888 ‚
578 2823 713 2879 convenit·
819 2818 865 2872 ubi
879 2820 954 2871 illurn
969 2819 1076 2891 Jupiter
1087 2821 1170 2872 iratus
1181 2821 1240 2891 Ρίψε
1253 2819 1332 2885 ποδὸς

308 2903 354 2954 82.
372 2902 465 2953 Ternas
479 2906 572 2953 animas
591 2902 689 2955 hahere
707 2901 778 2955 dicas
820 2899 930 2970 τιταγὼν
949 2899 998 2953 ἀπὸ
1013 2901 1085 2965 βηλοῦ
1100 2902 1255 2966 θεσπεσίοιο,
1270 2902 1331 2953 Cor·

268 2980 408 3046 Pelorum,
416 2999 496 3033 unam
503 2982 646 3033 humanam
652 3000 779 3054 superum
821 2992 910 3051 raptum
919 2978 981 3051 pede
993 2978 1079 3049 dejecit
1087 2979 1116 3033 de
1128 2978 1208 3031 liuciae
1222 2981 1329 3052 Olympi.

268 3077 365 3130 eorpus
384 3060 417 3113 ad
439 3060 484 3113 ilia
499 3078 582 3131 usque
597 3062 776 3128 animantem,
861 3061 907 3128 89.
931 3059 1082 3131 Serpentibos
1105 3064 1181 3122 imur
1206 3060 1331 3131 Gigantes

269 3137 335 3192 duas
360 3142 542 3213 serpentinas,
566 3140 662 3211 quibus
687 3142 779 3195 vivant
819 3138 1103 3193 habebantinleriores
1116 3141 1234 3211 corporis
1244 3154 1331 3211 partes

271 3217 777 3292 duoquipropedibussuntserpentes.
820 3220 981 3289 anguineas3
1010 3218 1082 3273 unde
1109 3232 1136 3272 et
1162 3217 1291 3273 dicunnu·
1316 3240 1331 3273 a

309 3300 357 3352 85.
365 3300 539 3353 Hunclocum
546 3300 673 3371 expressit
683 3299 777 3354 Sidon.
820 3297 919 3353 Grauis
933 3296 1151 3371 dpeuorro'nodtr,
1165 3300 1328 3371 angrrqredee,

269 3377 388 3448 Apollin.
403 3380 493 3431 Carm.
503 3380 565 3443 XV,
582 3380 626 3431 2⁵.
634 3379 686 3432 Sed
693 3400 777 3451 pona·
818 3379 862 3431 vel
875 3380 911 3431 ol)
924 3379 1035 3432 invisam
1045 3379 1200 3432 hominibus
1209 3381 1330 3444 formam,

268 3476 328 3509 mus
342 3457 443 3529 aliquot
454 3476 562 3511 umens:
818 3458 862 3511 rel
874 3456 947 3529 quod
958 3458 1026 3511 nihil
1037 3472 1138 3512 rectum
1154 3473 1267 3529 agerent.
1277 3459 1330 3511 Per

267 3543 366 3584 utemur
375 3556 475 3584 examin
483 3546 563 3585 νίῑιιω
573 3544 758 3584 instaurantem
818 3536 867 3589 hos
882 3538 1071 3607 intelliguntur
1084 3536 1219 3603 seditiosi,
1238 3539 1329 3611 impii,

248 3622 639 3677 -Eneehamnpiaofltmintttaom
649 3624 748 3678 Typtsoeo,
818 3616 955 3687 sacrilegi,
976 3618 1018 3670 vel
1037 3619 1160 3689 tyranni,
1177 3619 1218 3671 rel
1237 3618 1330 3683 venti,

267 3702 475 3758 Porphyrionl’enga
486 3707 552 3758 rapit,
562 3704 713 3759 Rhodopenque
723 3706 774 3743 dds·
819 3697 860 3747 vel
870 3694 988 3767 denique
998 3698 1078 3751 turris
1089 3698 1169 3750 Babel
1178 3698 1265 3751 llmnl
1275 3716 1330 3750 mo·

342 3797 416 3825 mnne
818 3774 916 3827 litores.
931 3776 982 3829 En.

264 3868 378 3919 sumto
384 3878 429 3905 nm
434 3861 557 3908 sautum.
565 3863 775 3915 ruuntqnmperne
859 3854 906 3925 93.
916 3856 1038 3926 Adspectu
1047 3857 1092 3909 hic
1100 3854 1259 3928 capiendum
1270 3874 1331 3928 pas·

266 3946 345 3985 lasum
353 3940 733 3995 nutmmrimirflminstutnens
817 3934 894 4001 slve,
920 3950 951 3989 ut
981 3937 1130 4007 loquuntur
1155 3936 1325 4007 grimmtficl.

267 4022 376 4065 uum-s
384 4022 470 4061 ΡΜ·
480 4023 540 4075 ertit·
550 4023 582 4061 αἱ
593 4019 733 4073 oenones..
817 4014 877 4068 Non
891 4029 930 4069 est
942 4016 1126 4081 mortiferum,
1140 4018 1162 4070 si
1177 4035 1257 4087 quem
1270 4015 1324 4067 mi,

262 4100 612 4152 lurenitsolidnmjmleaccatarda
623 4102 718 4140 adnuet:
816 4113 896 4153 nem
920 4095 1051 4169 adspexit,
1071 4114 1126 4151 non
1147 4097 1192 4149 ffla
1214 4095 1323 4153 fuciunt
