3034 4900
348 395 415 461 DE
442 393 608 461 RAPTU
636 392 875 461 PROSERP.
905 395 995 461 LIB.
1024 394 1072 460 ll.
1167 392 1242 490 ²39

174 529 255 614 Ille,
273 525 365 596 velut
387 522 506 593 stabuli
528 524 628 594 decus
649 525 854 617 armentique
872 525 1052 617 juvencam

174 637 291 724 Quum
311 632 363 700 leo
383 630 545 727 possedit,
568 629 755 725 nudataque
777 632 904 700 viscera
922 630 1006 701 fodit

174 739 373 836 Unguibus,
390 753 423 807 et
441 737 564 806 rabiem
584 751 672 806 totos
691 739 799 830 exegit
818 738 853 806 in
873 762 1001 822 mmos,

176 849 251 917 Stat
271 868 380 914 crassa
402 845 509 938 turpis
527 847 633 930 sanie,
653 843 824 938 nodosque
837 844 995 936 jubarum

176 954 328 1040 Excutit,
346 966 380 1020 et
396 950 477 1019 viles
495 964 666 1045 pastorum
682 949 821 1044 despicit
837 952 914 1020 iras.

236 1058 382 1154 «Ignavi
398 1057 543 1126 domitor
559 1055 667 1152 vulgi,
685 1058 854 1126 teterrime
873 1057 1035 1144 fratrum,

176 1163 285 1234 Pallas
306 1166 371 1252 ait,
389 1188 461 1258 quae
482 1177 515 1232 te
535 1163 675 1232 stimulis
693 1162 888 1257 facibusque
909 1164 1059 1258 profanis
1207 1194 1246 1234 ,ιε

177 1270 379 1340 Eumenides
398 1267 555 1339 movere?
575 1286 632 1339 tua
655 1295 716 1338 eur
733 1269 811 1338 sede
828 1269 943 1339 relicta

176 1376 290 1446 Audes
307 1377 472 1445 Tartareis
490 1374 607 1446 caelum
625 1378 787 1446 incestare
804 1375 994 1471 quadrigis?

176 1486 263 1554 Sunt
282 1484 341 1552 tibi
362 1482 528 1552 deformes
546 1483 656 1570 Dirae,
676 1497 754 1552 sunt
771 1480 874 1552 altera
892 1484 1017 1552 letires

178 1675 282 1728 Plinius
288 1674 447 1728 Praxitelem
454 1685 480 1726 et
486 1673 687 1727 Nicomachum.
777 1693 842 1726 nro.
855 1675 960 1726 Pectora
972 1685 1034 1725 ante
1048 1674 1140 1726 Heius.
1153 1673 1200 1727 sed
1211 1679 1249 1726 ai·

222 1773 286 1824 ²⁰9·
299 1753 360 1817 Ille,
376 1755 457 1815 uelat,
472 1765 521 1805 ete.
538 1753 617 1806 Pluto
634 1773 689 1804 non
734 1775 801 1806 roera
808 1756 864 1823 jam
872 1755 931 1808 Bas.
940 1772 1021 1824 marg.
1031 1767 1058 1805 et
1067 1754 1153 1807 Plant.
1164 1774 1247 1825 marg.

178 1834 264 1906 magis
284 1844 406 1887 movetur
422 1833 537 1886 Dearum
554 1833 690 1904 Proserpi·
779 1853 810 1886 αι
819 1852 843 1886 1.
860 1835 969 1904 Erigere
980 1833 1025 1885 hie
1037 1833 1109 1885 idem
1121 1847 1160 1888 est
1174 1834 1247 1904 quod

178 1913 691 1985 nsmrepctentiumvocibus,quamleo
735 1932 867 1971 exserere,
890 1930 1015 1966 exercere
1034 1931 1041 1965 :
1061 1914 1151 1966 ναόὶοηι
1169 1915 1250 1984 ponit

178 1993 261 2048 minis
271 2005 408 2066 pastorum
417 1995 559 2062 juvencam
570 2005 692 2063 repetere
736 1991 937 2063 velutglsdium
942 1989 1095 2046 velletrum
1104 1992 1178 2064 quod
1184 1998 1251 2064 erigi

180 2073 353 2129 tentantium.
365 2072 509 2125 -Stabutt
529 2075 690 2144 amentique,
736 2072 855 2138 dicitur,
866 2073 896 2125 h.
913 2093 936 2124 e.
952 2073 1033 2144 plane
1047 2071 1127 2143 adigi.
1141 2074 1247 2137 Amos,

179 2155 249 2208 duas
264 2153 340 2227 quasi
352 2153 494 2206 relationes
505 2153 585 2206 offert
596 2152 692 2216 Poeta,
737 2153 857 2205 membra
865 2153 1018 2206 robustiora
1026 2150 1102 2213 dicit,
1113 2153 1251 2224 inquibus

180 2235 232 2289 ubi
239 2246 391 2306 comparata
399 2251 462 2286 cum
471 2233 528 2286 aliis
540 2233 581 2286 sni
590 2234 695 2303 generis
737 2252 828 2286 morsu
837 2245 865 2285 et
873 2230 1130 2303 nnguelacersndis,
1143 2252 1250 2286 omnem

178 2319 295 2388 juvenca
301 2311 696 2386 placeat—Similemfereeom-
738 2315 869 2384 impetum
881 2313 926 2365 leo
941 2314 1083 2392 consumit.

180 2394 350 2469 parationem
357 2393 694 2457 habervirceteherrimus,
781 2411 846 2446 m.
858 2397 902 2446 An
911 2393 986 2445 nodos
990 2393 1104 2461 jubam
1112 2392 1192 2458 dicit,
1204 2396 1251 2465 qui

182 2478 440 2539 Canastraeum
451 2474 511 2544 qui,
524 2474 547 2527 si
558 2474 627 2532 forte
638 2474 663 2525 N
665 2492 694 2527 o·
738 2475 864 2528 oriuntur
879 2494 895 2527 a
906 2474 1008 2545 grumis
1020 2474 1137 2540 cruoris,
1153 2475 1252 2545 quibus

181 2570 272 2610 strum
289 2552 340 2607 sibi
357 2554 402 2607 hic
419 2552 577 2607 imitandum
595 2572 694 2626 propo·
738 2556 924 2626 inglomerem
933 2555 1156 2624 conglutinantur
1161 2556 1252 2627 jube?

182 2635 255 2701 suit,
267 2632 404 2706 grandiori
415 2634 538 2705 profecto
551 2646 608 2687 arte
621 2652 696 2705 supe·
781 2634 849 2687 215.
857 2636 1057 2702 Pmsmsmr,
1066 2635 1186 2700 incesto,
1195 2636 1252 2705 qui·

182 2721 262 2770 ravit.
275 2714 418 2776 ueroae'e,
427 2714 693 2777 mamistiensis-tres,
739 2716 791 2767 bus
806 2715 926 2766 violatur
941 2714 1020 2766 etiam
1034 2715 1147 2785 religio,
1163 2728 1191 2768 et
1205 2734 1253 2767 ns·

183 2795 358 2865 contanplcit,
385 2794 516 2857 immobile,
538 2794 571 2845 da
588 2794 649 2846 lraut
666 2794 696 2846 de
739 2809 799 2848 turs
813 2812 994 2865 rerumque
1005 2794 1098 2849 divina
1111 2808 1172 2850 est:
1191 2794 1252 2848 ideo

182 2897 229 2929 sors
238 2874 336 2927 charde
345 2877 463 2936 batvin,
474 2874 507 2925 les
516 2874 630 2925 cadavrss
636 2874 697 2925 dont
739 2874 775 2929 de
789 2873 884 2927 eadem
900 2892 931 2926 re
945 2875 1035 2928 statim
1047 2876 1180 2927 inmundi
1193 2894 1260 2938 νοῇ,

184 2958 206 3009 il
210 2960 280 3009 avait
284 2954 372 3025 jonede'
377 2954 403 3005 la
407 2954 498 3025 plaiae.
503 2952 577 3007 Aiusi
583 2974 608 3005 se
617 2974 697 3025 tepore
740 2956 806 3009 bum
819 2952 939 3008 adhibet.

185 3032 700 3105 undondeNumidimprlsavoirde'clsiae'
783 3051 850 3104 ²17·
870 3034 1007 3096 laeenam,-
1026 3030 1055 3087 id
1075 3048 1115 3087 est
1136 3033 1252 3094 violare,

185 3113 582 3185 mrtmmaudrbrebistsasm'm
589 3116 699 3183 estapai·
741 3115 874 3186 polluere;
885 3113 966 3183 Virg.
979 3115 1099 3173 AEn.V1,
1115 3114 1183 3167 150:
1195 3126 1256 3166 «to-

185 3200 241 3258 se'e,
254 3197 393 3266 sapoitrias
402 3194 486 3247 atala
497 3193 633 3247 l’odcnrdu
643 3212 698 3245 car·
741 3207 850 3264 tamque
867 3194 980 3247 incestat
994 3193 1088 3246 funere
1103 3194 1221 3247 classem.
1240 3219 1251 3240 ι

187 3293 268 3345 Μόνη·
275 3276 296 3327 rt
307 3294 379 3327 ouen
390 3276 498 3341 etseras
509 3276 661 3327 uma-tour
670 3292 699 3325 sa
742 3274 903 3327 -ttuadum
911 3277 1028 3325 insertare
1038 3286 1100 3327 ante
1108 3273 1199 3327 Heins.
1207 3294 1256 3325 αι’-

186 3352 700 3427 ςωυὶείαηζυέιςιιόιιόανηιεκηεὼβο-
744 3354 793 3406 lum
803 3355 861 3408 Bas.
874 3372 957 3424 marg.
974 3352 1047 3407 Clas.
1059 3356 1171 3422 infestam
1179 3354 1255 3407 MSS.

188 3432 701 3505 eamdelaine;safinilseeouslseaami·
786 3436 853 3488 218.
879 3434 950 3486 Dine
975 3434 1022 3487 hic
1047 3447 1138 3505 aperte
1160 3433 1258 3488 distin-

189 3514 699 3585 madaqmueegorgunacraan,
744 3526 866 3585 guantur
889 3532 905 3567 a
929 3514 1032 3578 Furiis,
1056 3513 1124 3568 dnm
1147 3513 1258 3567 seorsim

189 3596 308 3647 hmecte'e
319 3595 393 3647 d'une
404 3592 701 3663 meladesnng,rrtombr
746 3607 998 3648 commemorantur.
1025 3594 1141 3647 Videtur
1170 3594 1259 3663 itaque

189 3676 234 3728 des
242 3674 306 3727 deae
316 3678 381 3727 co'te's
390 3674 421 3726 de
432 3693 476 3725 son
486 3674 702 3735 eou51'lems'seses
746 3672 894 3744 intelligas
903 3686 983 3744 poeta
993 3674 1125 3744 Harpyias
1134 3673 1193 3725 illas
1203 3673 1259 3745 Ty·

187 3754 704 3826 grssespuissantesfilallongelatetesur
748 3753 846 3825 phonis
865 3753 949 3817 filias,
969 3754 1072 3815 Phineo
1088 3749 1260 3822 puniendos

189 3834 702 3907 manganetesymtdemisemu,
747 3834 820 3885 Jove
845 3832 992 3895 immissas,
1015 3850 1030 3883 s
1051 3831 1125 3885 Calai
1150 3844 1177 3885 et
1199 3834 1261 3886 Zeto

190 3915 289 3966 aucte
301 3934 384 3967 encore
398 3914 431 3967 las
447 3914 529 3965 motas
544 3916 632 3965 toisons
643 3918 706 3965 eteu-
750 3913 843 3965 Boreae
859 3911 922 3963 filiis
941 3912 1053 3965 abactas
1074 3912 1122 3966 Hss
1140 3914 1261 3967 substau-

191 3994 253 4047 dues
266 4006 354 4049 auteur
365 3995 396 4047 de
405 3995 449 4047 Ius'.
461 4020 472 4041 ι
490 3993 542 4045 Lus
556 3992 691 4045 Murrus
698 4030 706 4057 ,
752 3993 807 4045 tiva
820 3991 953 4063 positione
964 4011 1036 4043 soevoe
1049 3992 1120 4045 Dine
1132 4006 1262 4047 vocantur

192 4074 237 4126 liv.
248 4074 298 4125 vl.
753 4092 769 4124 a
784 4071 894 4124 Valerio
911 4071 951 4124 Fl.
970 4072 1021 4136 lv,
1041 4072 1114 4137 5863
1133 4074 1158 4125 Τ
1155 4086 1263 4124 artareas
