3034 4900
252 487 325 583 39²
469 491 544 559 CL
572 491 877 561 CLAUDIANI
905 493 1086 562 LXXIX.

665 836 894 904 LXXVIII.

310 1110 313 1116 Ι
357 1040 514 1087 ιιιιιιιι.
544 1040 737 1087 ιιιιιιιιιι
764 1042 912 1089 runnu
940 1042 1013 1088 ιιι
1042 1014 1205 1093 rectu*

250 1174 313 1291 ln
328 1217 476 1312 jaculum
494 1219 726 1313 quodcumque
747 1222 832 1315 gerit
852 1220 1017 1291 dementia
1036 1235 1153 1293 mutat.

221 1388 227 1400 ,
249 1325 414 1393 Omnibus
434 1339 582 1395 armatur
604 1326 711 1395 rabies
730 1351 793 1421 pro
812 1326 947 1421 cuspide
966 1326 1053 1396 ferri.

247 1432 378 1500 Cuncta
399 1430 530 1519 volant,
546 1431 626 1501 dum
645 1432 760 1501 dextra
780 1432 873 1502 fuox
891 1434 925 1501 in
943 1431 1080 1504 vulnera
1102 1435 1203 1503 sevit.

247 1537 312 1605 Pro
333 1535 400 1606 telo
422 1538 564 1632 geritur,
583 1538 743 1632 quidquid
765 1540 964 1635 suggesserit
981 1540 1039 1608 ira.

287 1702 300 1726 ¹
314 1710 362 1763 Est
377 1710 531 1765 scholastice
545 1711 679 1764 emulatio
693 1713 757 1765 Vir·
802 1712 842 1764 illi
860 1710 932 1784 apud
953 1711 1103 1765 Boilsrium
1124 1723 1254 1765 certantes
1276 1709 1312 1765 de

250 1788 340 1859 gilleni
351 1790 525 1857 hemistichii,
538 1793 598 1843 AEn.
610 1792 677 1855 VII,
691 1792 757 1857 508,
800 1792 907 1864 pulpito
920 1809 967 1845 seu
980 1792 1109 1845 lectorio:
1124 1790 1152 1843 in
1167 1791 1312 1863 proverbio

248 1868 369 1940 ·...qu0d
381 1871 478 1941 cuique
486 1873 756 1941 repertumltimanti‚
802 1884 862 1935 est,
877 1871 923 1943 qui
948 1872 1033 1925 eureis
1059 1870 1186 1925 fenestras
1209 1869 1312 1923 inimici

251 1948 332 2001 telum
339 1949 547 2003 interis-Talis
553 1963 593 2003 est
599 1950 648 2003 int.
655 1970 683 2023 p.
691 1952 756 2020 396.
802 1952 879 2023 petit.
890 1952 1006 2003 —Ferr't
1015 1951 1090 2004 MSS.
1103 1951 1187 2023 quode.
1195 1954 1230 2002 rei
1239 1952 1310 2019 conj.

291 2047 317 2083 ι.
334 2029 505 2102 Quodcumque
516 2034 594 2100 gerit,
602 2030 675 2100 quod
688 2031 758 2084 sorte
803 2030 894 2085 Heius.
908 2030 952 2083 cui
962 2042 1117 2102 corruptum
1130 2028 1237 2083 videtur
1248 2029 1310 2083 vul-

250 2109 279 2160 in
299 2109 495 2176 munuhuhet,
509 2129 535 2163 v.
548 2110 758 2181 gsinsuuruenti
803 2124 893 2182 gutum
906 2114 977 2182 gerit.

247 2188 355 2254 rustici,
375 2189 520 2261 bipalium,
538 2189 658 2256 furcam,
670 2192 757 2245 renti·
844 2198 871 2255 4.
888 2192 1011 2260 Ingeritur
1022 2192 1092 2261 couj-
1109 2188 1200 2241 lleins.
1214 2188 1242 2240 in
1256 2205 1312 2259 quc

217 2274 223 2284 '
246 2267 370 2333 lshrum3
386 2268 407 2321 si
422 2268 517 2323 doctus
534 2282 587 2336 est,
603 2270 716 2336 librum,
727 2283 759 2323 ut
803 2270 879 2324 illum
894 2269 1000 2325 sudium
1015 2268 1125 2322 facilius.

537 2839 654 2884 xxtx.
687 2839 733 2884 IN
759 2837 1017 2885 PODAGIIUM.

247 2973 373 3124 Qun
394 3016 454 3085 tibi
474 3041 551 3087 cum
570 3016 710 3111 pedibus
728 3017 834 3088 ratio?
851 3017 929 3112 quid
948 3015 1093 3085 carmina
1115 3013 1253 3111 culpas?

300 3124 464 3194 Scandere
483 3125 539 3217 qui
558 3125 680 3211 nescis,
694 3123 874 3195 versiculos
892 3123 1024 3192 laceras.

246 3230 420 3300 Claudicat
438 3229 494 3299 hic
514 3253 646 3316 versus,
663 3231 752 3318 haec,
771 3231 896 3324 inquit,
915 3227 1039 3324 syllaba
1057 3243 1169 3314 nutet,

298 3338 407 3430 Atque
425 3333 505 3404 nihil
523 3359 660 3429 prorsus
677 3351 765 3407 stare
783 3351 879 3432 putet
895 3335 1051 3430 podager.

289 3533 313 3568 ι.
325 3513 356 3568 ln
365 3511 522 3582 Pcdagmm,
536 3514 579 3584 qui
590 3513 753 3564 carmimut·
798 3511 906 3565 stitutus
919 3510 1032 3574 auxilio,
1048 3527 1101 3562 non
1122 3505 1230 3563 deberet
1251 3524 1309 3560 ern-

241 3595 320 3665 pabat
327 3633 334 3658 ,
353 3605 477 3646 uarietate
486 3591 580 3648 dicebat
588 3591 665 3644 MSS.
797 3590 867 3662 plius
880 3589 995 3662 cogitare
1008 3588 1042 3642 de
1052 3586 1184 3659 pedibus,
1206 3587 1308 3640 etiamsi
1322 3605 1328 3622 ·

288 3673 452 3735 s.Scandcre,·
464 3671 536 3725 lusus
542 3672 571 3724 iu
580 3672 678 3737 verbo,
690 3671 753 3742 quia
796 3669 970 3741 pedesessent
978 3667 1178 3726 versiculorum.
1189 3697 1229 3708 —
1240 3665 1309 3734 Quos

245 3751 363 3825 podager
377 3773 432 3825 pru
446 3752 531 3804 nimio
547 3751 640 3804 dolore
652 3749 752 3823 pedum
803 3783 868 3803 .....
880 3753 956 3823 inquit
965 3788 1031 3804 .....
1042 3758 1114 3818 putat
1121 3745 1177 3798 MS.
1190 3777 1230 3788 ——
1244 3744 1304 3798 Hoc

245 3852 300 3886 non
312 3846 399 3904 potest
413 3833 540 3895 scandere,
561 3844 625 3901 puts
640 3830 751 3890 cubicu-
797 3831 880 3882 verbo
890 3829 1013 3882 lucerundr'
1020 3846 1084 3881 usus
1092 3837 1131 3880 est
1139 3826 1218 3879 etiem
1226 3824 1307 3896 paulo

243 3913 318 3978 lum;
330 3913 413 3965 ethic
424 3912 546 3983 ambigue
558 3909 706 3964 traducitur
718 3907 752 3961 ad
798 3921 858 3962 ante
874 3929 903 3961 n.
923 3927 958 3979 77
973 3921 1024 3960 ext.
1041 3905 1110 3960 Hinc
1126 3905 1227 3976 colligit
1242 3905 1307 3956 Bar-

243 3990 406 4064 podagrum,
417 3992 491 4062 qussi
505 4011 559 4043 non
575 4000 663 4062 posset
670 4008 752 4041 versus
798 3988 869 4045 thius
881 3988 909 4041 in
924 3986 1038 4040 eundern
1050 3985 1095 4038 hic
1102 3983 1159 4038 ludi
1166 3983 1305 4038 Jncobum.

242 4069 410 4123 recruduesic
421 4083 448 4123 et
459 4071 523 4140 (luoe
534 4071 577 4122 tibi
590 4091 642 4122 cum
653 4069 752 4140 pedihus
797 4068 830 4120 Et
848 4069 915 4121 bene
937 4065 1080 4119 convenire
1098 4065 1164 4118 solet
1189 4060 1304 4134 podagra

241 4153 328 4204 ratio?
342 4149 425 4215 Quasi
439 4147 569 4220 podager,
587 4149 686 4221 pedum
704 4146 751 4201 de·
797 4167 856 4201 cum
871 4145 1044 4217 potatoribus.
