3034 4900
247 493 321 580 adb'
479 496 551 563 CL.
579 495 886 564 CLAUDIAM
908 499 1067 598 XXXV.

245 627 397 722 Assurgit
411 627 615 724 Phlegethon
633 653 641 695 ε
660 627 874 722 flagrantibus
891 629 1020 724 hispida
1037 631 1115 700 rivis

246 733 354 806 Barba
371 732 499 822 madet,
517 749 653 830 totoque
671 733 780 804 lluunt
794 736 949 832 incendia
964 734 1069 806 vultu.

246 842 438 911 Occurrunt
453 843 587 937 properi
603 841 689 911 lecta
703 840 746 910 de
764 840 860 937 plebe
877 845 1017 914 ministri
1034 872 1044 930 ;

245 949 326 1017 Pars
340 946 425 1017 altos
443 962 602 1018 revocant
616 973 750 1034 currus,
769 948 935 1045 frenisque
951 948 1065 1020 solutis

246 1055 392 1123 Vertunt
407 1055 560 1124 emeritos
578 1054 620 1124 ad
638 1078 763 1150 pascua
778 1070 858 1125 uota
871 1056 1017 1153 jugales3

247 1159 326 1229 Pars
340 1159 443 1231 aulaea
457 1174 572 1231 tenent
590 1187 597 1230 :
617 1160 671 1230 alii
688 1177 869 1256 praetexere
883 1164 984 1232 ramis

247 1267 393 1356 limina,
411 1282 445 1337 et
461 1269 496 1337 iu
511 1265 695 1338 thalamum
713 1266 819 1338 cultas
833 1268 991 1340 extollere
1008 1283 1123 1339 vestes.

299 1374 461 1467 Reginam
476 1388 568 1446 casto
584 1376 758 1444 cinxerunt
774 1377 907 1470 agmine
923 1391 1046 1446 matres
1089 1411 1094 1418 ·

246 1475 382 1573 Elysias,
397 1493 577 1576 teneroque
593 1477 705 1550 levant
721 1506 875 1552 senuoue
892 1484 1046 1569 timores,

245 1585 290 1653 Et
306 1608 437 1678 sparsos
451 1581 593 1682 'religant
607 1588 732 1680 crines,
750 1602 784 1656 et
801 1587 948 1659 vultibus
965 1588 1092 1658 addunt

245 1688 432 1779 Flammea,
450 1690 625 1762 sollicitum
643 1692 861 1789 praevelatura
878 1695 1050 1791 pudorem.
1272 1726 1311 1763 ω

247 1794 370 1865 Pallida
387 1795 516 1868 laetatur
533 1801 642 1894 regio,
658 1813 837 1895 gentesque
854 1800 990 1896 sepultae

247 1903 451 1990 Luxuriant,
469 1904 638 2000 epulisque
653 1920 776 1976 vacant
791 1905 972 2001 genialibus
989 1906 1137 1976 Umbrae.

289 2086 354 2143 316.
364 2088 559 2159 Phlegethonteas
568 2107 710 2160 personum
719 2090 758 2144 fa·
841 2091 910 2143 321.
922 2089 1006 2142 Vestes
1016 2089 1094 2142 cultas
1102 2101 1129 2142 et
1141 2088 1210 2159 ipsas
1220 2085 1256 2140 de
1267 2105 1313 2139 an·

249 2171 301 2236 cit,
314 2181 346 2223 ut
356 2167 452 2223 fluvios
462 2169 543 2235 elios,
557 2171 608 2224 nisi
621 2167 695 2242 quod
707 2189 758 2242 pro
799 2170 855 2224 lasis
865 2169 986 2242 -velisque
999 2169 1137 2239 intelligo,
1148 2187 1213 2239 quas
1224 2167 1313 2219 tollunt

249 2249 324 2323 equis
335 2250 375 2303 illi
388 2248 435 2303 dat
448 2247 574 2304 flammas.
802 2255 827 2303 s'n
844 2251 988 2313 slsum
1004 2249 1032 2302 lt·
1048 2269 1072 2302 e.
1088 2269 1120 2302 ex
1134 2248 1187 2301 illis
1202 2246 1313 2302 sublatis

290 2329 357 2400 317.
372 2330 508 2384 Occurrunt
519 2331 581 2382 lecta
591 2329 622 2382 de
629 2330 698 2400 plebe
706 2349 717 2392 ;
730 2328 760 2382 id
801 2349 831 2384 ao
842 2330 974 2402 suspensis
988 2329 1154 2392 thalamum,
1170 2327 1244 2380 velut
1256 2337 1315 2379 teu·

251 2421 304 2476 est,
315 2409 391 2463 electi
400 2427 435 2463 ex
443 2410 522 2482 plebe
528 2409 641 2465 veniunt
652 2409 759 2463 obvim
801 2410 901 2463 torium
912 2406 1055 2481 quoddam,
1066 2408 1250 2470 constituunt,
1262 2406 1313 2457 sub

250 2490 380 2547 celeriter.
393 2522 433 2533 —
447 2491 553 2563 Propere
568 2489 641 2561 vulg.
801 2508 856 2561 quo
870 2490 953 2542 lectus
965 2488 1100 2540 sternitur.
1116 2486 1180 2539 Haec
1192 2486 1268 2535 vestis
1284 2497 1313 2537 et

292 2570 358 2625 318.
371 2570 489 2623 Reman
498 2588 581 2623 surm
593 2580 633 2623 est
644 2568 759 2625 retinen
800 2569 919 2621 vestiendi
927 2567 1083 2621 notionibus
1094 2558 1285 2633 comprehendi
1299 2594 1309 2619 ‚

250 2668 332 2722 equos
341 2652 455 2721 junctos.
802 2647 865 2700 sliss
879 2644 1037 2701 ostenditur.

294 2729 357 2799 319.
383 2730 486 2781 Emeriti
501 2729 615 2799 jugules,
631 2745 689 2780 non
712 2727 759 2798 qui
842 2724 908 2779 las.
924 2726 1016 2779 Mum
1026 2719 1311 2796 Elysioe,suutberoi-

249 2812 303 2879 jam
323 2808 420 2859 mereri
442 2805 565 2859 desinant
588 2806 760 2877 simpliciter,
800 2822 841 2859 nse
852 2804 918 2874 illes,
931 2800 1150 2876 quaessssouudum
1163 2800 1312 2853 Homerum

251 2885 297 2941 sed
317 2886 366 2957 qui
384 2885 414 2937 iu
433 2886 480 2938 illo
496 2898 557 2938 setu
574 2886 644 2939 bene
663 2883 698 2938 de
711 2904 759 2939 suo
801 2904 910 2957 campos
924 2884 1028 2955 Elysios
1040 2882 1170 2935 habitant.

250 2964 360 3019 domino
373 2976 533 3018 meruerant.
841 2966 907 3020 323.
926 2966 1134 3036 Teucrosque...
1149 2960 1243 3014 dolores
1249 2960 1311 3013 Vis.

293 3046 355 3100 3²0.
367 3042 513 3116 Coniungit
523 3056 662 3114 utramque
672 3043 759 3097 hono·
801 3044 882 3098 Vien.
907 3058 935 3098 et
957 3044 1022 3106 alii,
1042 3046 1135 3095 ermom
1160 3038 1222 3095 ald.
1252 3040 1310 3093 llas.

251 3128 288 3180 ris
302 3137 329 3178 et
342 3122 433 3197 gaudii
447 3122 664 3195 significationem
679 3123 759 3176 Paea-
800 3123 886 3196 Merg
895 3125 1059 3185 -Ts'mores,·
1068 3122 1213 3194 puellares,
1223 3121 1312 3193 quales

252 3220 312 3269 tus,
326 3205 393 3259 Pan.
409 3204 559 3267 XXXVII,
576 3209 609 3267 4:
620 3202 710 3255 Portas
722 3206 761 3255 os'-
800 3217 865 3259 sunt
887 3206 996 3259 timores
1012 3201 1164 3274 virginum,
1180 3220 1239 3273 que
1260 3198 1312 3253 du·

252 3284 356 3338 rentibus
369 3287 439 3336 sertis
453 3295 594 3347 comnotus,
611 3282 696 3334 auloes's
713 3301 759 3335 un·
801 3297 907 3342 cuntur.

251 3366 334 3417 dautes
352 3364 448 3434 pluteus
461 3384 471 3417 .·
486 3364 533 3417 ubi
551 3362 667 3415 undantes
681 3362 760 3417 iutel-
842 3364 1197 3434 324.1lelt'gvst,·utmaute
1209 3361 1312 3413 Proser

250 3445 330 3516 ligem
353 3442 510 3496 fluetumtes
530 3443 696 3514 aliquantum
725 3443 759 3495 eb
800 3444 865 3516 pina
878 3468 890 3492 ι
907 3442 1048 3498 Caesariana
1059 3438 1157 3495 diffusa
1167 3454 1233 3493 uoto
1247 3465 1271 3491 ·.

251 3540 315 3579 aure
331 3536 360 3577 et
374 3534 474 3587 vento,
488 3521 562 3593 quod
581 3540 638 3575 non
658 3524 760 3576 intents
841 3522 970 3579 nstvtx
980 3540 1097 3594 uuquam
1108 3522 1135 3573 in
1145 3519 1259 3592 nuptiali
1270 3536 1313 3571 oe-

250 3617 277 3659 et
286 3603 364 3659 affixa
373 3602 427 3657 suis
437 3601 562 3655 extremis
571 3614 658 3655 essent
669 3602 759 3667 aulea,
801 3602 923 3657 monia
929 3604 1070 3675 flmmeum
1086 3600 1187 3654 omittit
1202 3600 1313 3661 Noster,

251 3684 298 3740 sed
318 3684 355 3738 ita
374 3700 516 3755 suspensa,
533 3694 564 3735 ut
581 3682 654 3741 velut
675 3680 760 3735 undas
803 3684 839 3737 V.
850 3684 885 3738 G.
900 3684 942 3747 X,
959 3683 1032 3749 2853
1046 3680 1314 3747 unat-Pm-

251 3763 377 3836 quasdam
397 3780 473 3835 agere
495 3779 510 3815 a
530 3774 611 3815 vento
632 3774 761 3833 possent:
802 3764 928 3816 sedatum
941 3762 998 3815 MS.
1009 3760 1180 3832 praevellatur-a
1189 3759 1250 3812 Via.

250 3864 303 3917 qua
314 3844 419 3902 ratione
439 3852 555 3897 mutatus
571 3838 684 3895 subinde
698 3858 760 3894 cum
844 3843 910 3913 3¹7.
930 3840 1013 3895 Videt
1026 3842 1106 3894 etiam
1121 3836 1193 3911 apud
1211 3838 1310 3891 inlesos

250 3924 303 3977 situ
320 3940 489 3994 repercussus
508 3921 591 3985 lucis,
611 3932 638 3975 et
658 3922 760 3975 umbre
803 3925 915 3988 AEneas,
933 3924 993 3987 VI,
1009 3920 1087 3983 656,

249 4000 514 4067 admistio,colorum
524 4001 760 4073 quoqueetspleu-
1015 4045 1072 4053 .....
1077 4026 1112 4067 μ,
1124 4012 1173 4051 tera
1185 4026 1205 4051 m

218 4072 223 4085 ’
251 4082 323 4137 doris
334 4080 511 4135 mutationem
522 4082 606 4135 nemis
614 4079 759 4153 jucundam
803 4084 1179 4138 Vnae-m,t·aanueetorot>um
1188 4090 1282 4121 nunus.

251 4175 278 4217 et
288 4163 348 4217 vitas
361 4158 495 4232 quoddam
509 4161 607 4227 instar,
622 4162 717 4217 attulit.
804 4160 962 4215 Obsenemt
974 4160 1043 4212 Dan.
1055 4157 1146 4209 Heius.
1161 4152 1194 4207 ad
1204 4148 1311 4206 llesiod.
