3034 4900
476 534 803 603 EPIGRAMMA
830 534 1009 604 va111.
1196 534 1270 619 los
1372 515 1374 521 ’

209 670 296 737 Ante
314 680 398 753 tuae,
418 668 599 762 matrisque
615 690 736 761 parens
750 693 757 734 :
773 691 873 761 quem
892 668 980 737 misit
997 668 1043 737 ab
1058 668 1153 739 astris

210 776 386 869 AEquaevm
403 774 560 859 Genitor,
570 774 737 867 Verhique
754 774 790 841 in
809 774 935 843 semina
951 772 1062 843 fusum

208 880 385 974 Virgineos
402 879 552 951 habitare
572 883 684 959 sinus,
704 894 737 949 et
758 881 908 975 corporis
925 882 1008 949 arcti

207 988 310 1055 Jussit
330 986 415 1055 inire
433 986 523 1069 vias,
539 1010 707 1081 parvaque
723 986 851 1057 insede
870 988 1013 1071 mamm,

207 1094 319 1181 Quem
338 1092 432 1161 sedes
448 1117 517 1161 non
537 1091 604 1163 ulla
620 1094 709 1188 capit
725 1118 733 1160 :
748 1085 808 1187 qui
822 1090 946 1161 lumine
963 1094 1070 1187 primo

207 1197 328 1267 Vidisti
347 1198 507 1292 quidquid
524 1198 651 1267 mundo
668 1213 824 1269 nascente
845 1222 984 1267 crearas.

207 1306 285 1397 lpse
304 1304 437 1399 opifex,
455 1329 539 1399 opus
561 1306 630 1401 ipse
647 1307 717 1390 tui,
734 1304 889 1409 dignatqs
909 1306 1034 1399 iniquas

208 1410 326 1479 AEtatis
347 1411 468 1479 sentire
487 1412 596 1497 vices,
618 1427 652 1480 et
672 1413 821 1506 corporis
843 1410 941 1503 hujus

207 1515 392 1587 Dissimiles
409 1517 557 1610 perferre
572 1516 709 1604 modos,
728 1518 962 1611 hominemque
984 1519 1113 1605 subire,

208 1623 258 1691 Ut
273 1624 378 1717 possis
393 1638 579 1692 monstrare
594 1626 725 1705 Deum,
741 1648 783 1691 ne
802 1621 946 1693 lubricus
967 1650 1075 1713 error,

207 1730 254 1797 Et
271 1728 410 1824 decepta
428 1729 486 1799 diu
500 1731 584 1799 varii
603 1729 735 1800 solertia
753 1728 891 1817 mundi,

207 1837 350 1905 Pectora
367 1851 437 1904 tam
457 1836 570 1904 multis
587 1839 709 1905 sineret
726 1835 877 1905 mortalia
898 1833 999 1905 saeclis

207 1944 389 2011 Auctorem
408 1944 534 2011 nescire
551 1968 658 2011 suum.
670 1945 718 2010 Te
734 1944 866 2011 conscia
882 1958 996 2036 partus

209 2049 335 2137 Mater,
357 2063 389 2116 et
411 2049 541 2117 attoniti
561 2047 726 2143 pecudum
744 2074 876 2117 sensere
895 2050 1051 2131 timores;

207 2156 258 2222 'l‘e
275 2178 363 2223 nova
381 2153 520 2224 sollicito
537 2153 713 2224 lustrantes
731 2154 836 2223 sidera
858 2156 933 2222 visu

208 2261 252 2326 In
273 2259 353 2329 caelo
376 2260 487 2330 videre
508 2263 620 2354 prius,
640 2260 818 2355 lumenque
840 2262 963 2347 secuti,

208 2368 372 2435 Invenere
390 2368 483 2463 Magi
498 2393 505 2434 :
518 2381 555 2434 tu
574 2368 673 2437 noxia
694 2381 828 2462 pectora
850 2365 968 2454 solvis,

208 2471 413 2567 Elapsusque
429 2476 555 2543 animas
575 2477 610 2542 in
625 2499 767 2569 corpora
787 2473 900 2542 functa
921 2474 1070 2561 reducis,

208 2581 255 2647 Et
270 2581 374 2649 vitam
390 2603 538 2652 remeare
554 2580 651 2674 jubes
665 2607 675 2668 3
688 2595 725 2650 tu
747 2579 819 2676 lege
840 2582 963 2674 recepti

208 2687 380 2771 Muneris,
399 2687 442 2755 ad
462 2690 580 2757 Manes
601 2702 774 2781 penetras,
796 2689 977 2780 mortisque
999 2685 1141 2766 latebras
1242 2775 1244 2780 s

208 2789 411 2860 Immortalis
433 2792 522 2861 adis:
544 2796 636 2862 nasci
656 2794 716 2862 tibi
738 2818 806 2863 non
828 2793 891 2862 fuit
910 2794 968 2861 uni
1060 2841 1065 2854 .

209 2897 433 2992 Principium,
449 2899 588 2992 finisque
610 2902 713 2984 mori3
730 2899 787 2969 sed
805 2914 903 2969 nocte
923 2897 1032 2967 refusa
1044 2889 1063 2984 ,¹

208 3006 251 3071 ln
272 3002 411 3091 caelum,
432 3021 627 3101 patremque
646 3005 752 3094 redis,
773 3001 951 3099 rursusque
971 3006 1107 3099 perenni
1250 3038 1274 3076 ,s

209 3212 340 3286 loquendi
362 3227 573 3286 attemperatum.
598 3214 652 3270 Sed
673 3235 722 3270 nos
809 3235 854 3270 ar.
868 3217 932 3284 Lege
943 3217 1030 3284 recepti
1040 3217 1142 3268 muneris
1152 3233 1162 3268 :
1173 3231 1204 3267 ea
1214 3233 1277 3268 con·

210 3294 257 3347 hic
271 3313 327 3346 non
341 3299 510 3366 tretoqetpsv.
767 3295 869 3350 ditione
883 3314 980 3348 munus
995 3295 1097 3348 Messiae
1110 3295 1256 3366 suscepisti.

253 3375 280 3426 3.
297 3374 364 3427 Nate
378 3378 447 3446 conj.
463 3376 556 3430 Barth.
809 3373 853 3428 23.
875 3376 930 3427 Tibi
949 3379 991 3426 uni
1008 3379 1074 3426 nasci
1088 3395 1134 3427 non
1142 3377 1197 3441 suit
1204 3380 1276 3446 prin-

254 3457 281 3515 4.
299 3454 405 3506 Verbum
420 3454 539 3526 hicponi
554 3453 589 3507 de
600 3454 721 3517 Christo,
767 3459 867 3526 cipium,
885 3455 932 3527 qui
953 3455 1034 3508 fueris
1053 3467 1114 3508 ante
1134 3473 1214 3526 quam
1229 3473 1276 3506 na·

211 3545 343 3603 qnatenus
361 3532 444 3586 homo
464 3548 522 3599 est,
536 3533 660 3599 videtum
676 3532 734 3586 sed'
767 3553 988 3606 scerere:neque
996 3535 1066 3586 mori
1074 3533 1147 3600 linis,
1158 3535 1204 3606 qui
1214 3553 1277 3586 mox

212 3623 303 3681 potest
315 3613 383 3666 forte
397 3615 432 3666 ita
448 3614 560 3685 intelligi
576 3633 584 3666 ε
603 3615 723 3677 semina,
767 3613 1159 3679 revixeris.—Namsuitadhuc
1166 3611 1276 3666 editum.

212 3709 230 3743 e
246 3692 342 3762 quibus
360 3711 422 3746 caro
440 3693 499 3746 lieri
518 3693 643 3766 nascique
656 3692 724 3747 adeo
811 3695 962 3756 adlinitur:
969 3694 1011 3746 vel
1018 3705 1097 3744 retusa
1104 3694 1174 3763 conj.
1184 3691 1276 3745 Heius.

212 3769 311 3824 debuit
324 3773 453 3825 Verbum.
811 3773 856 3826 25.
867 3773 928 3825 Non
941 3773 1060 3843 loquitur
1070 3771 1150 3823 Poeta
1162 3771 1207 3823 hic
1215 3790 1277 3824 cum

254 3870 280 3919 9.
296 3850 341 3905 Sat
355 3850 444 3906 adhue
457 3849 568 3906 editum.
769 3851 941 3916 orthodoxis3
956 3855 1080 3922 r'aaputrem
1095 3851 1157 3902 redis
1169 3869 1224 3903 non
1238 3863 1277 3904 est

256 3934 301 3984 16.
314 3931 425 3985 Attoniti
440 3936 536 3984 tiaram
548 3931 655 4002 signam
668 3933 726 4004 opi·
771 3931 842 3986 idern
858 3930 931 4004 quod
944 3931 979 3984 ael
990 3931 1229 4001 pannusculis
1240 3943 1280 3983 est

212 4011 325 4064 pionem
337 4011 411 4066 illem
427 4015 575 4076 Veterum,
588 4030 668 4084 quum
679 4030 725 4064 ex·
768 4013 886 4066 criticum
894 4009 1209 4075 hicmedicinamlacere,
1222 4031 1280 4063 mu·

212 4091 306 4162 primit
320 4092 447 4163 antiquus
464 4092 598 4163 hymnus,
616 4092 727 4161 Agnovit
769 4105 827 4145 tare
835 4096 877 4148 τὴν
891 4093 1068 4144 iaiuelteram
1075 4091 1195 4163 ad,·quid
1205 4092 1277 4144 enim

213 4170 256 4223 bru
264 4184 289 4223 et
298 4175 379 4224 asim
389 4213 396 4235 ,
407 4173 473 4242 qnod
478 4183 602 4244 meret
609 4172 725 4225 dommus.
770 4173 893 4228 faciemus
902 4171 954 4226 illis
961 4203 975 4240 ,ι
982 4190 1042 4244 qum
1051 4183 1199 4242 sequuntur
1207 4189 1276 4226 vers.

1028 4264 1097 4347 2¹6³
