3034 4900
539 497 868 568 EPIGRAMMA
898 498 941 565 X.
1200 498 1284 595 373·

210 627 289 695 Non
307 623 399 694 illum
415 629 610 699 constrinxit
626 630 749 718 hiems,
765 654 831 700 non
848 629 954 699 Sirius
970 630 1113 715 ardens5
1265 662 1277 701 s

264 733 382 802 AEtatis
398 735 541 829 spatium
556 761 625 805 non
640 738 791 808 tenuavit
805 734 897 805 edax.

211 924 296 994 majus
319 923 433 991 luisset,
460 926 488 979 in
513 946 568 999 quo
591 926 637 980 illc
662 916 735 981 mo·¹
765 925 936 981 observm'lm.
951 925 1018 980 Vid.
1033 925 1067 979 ad
1079 926 1211 992 xxm,
1228 926 1275 982 35.

209 1000 309 1069 vendi,
323 1003 377 1057 huc
394 1004 458 1059 illuc
479 1002 579 1060 fluendi
604 1008 720 1079 spatium
765 1036 806 1051 --
818 1006 884 1060 Acis
896 1006 968 1079 vulg.
983 1006 1069 1059 ardens
1083 1007 1162 1059 etiam
1175 1008 1236 1079 Cuj.

209 1081 328 1136 labem.
798 1080 1276 1152 6.Quumaeriiusccessussithumor

252 1160 278 1214 5.
295 1162 374 1215 Sirim
388 1167 442 1216 aals
456 1162 528 1237 apud
543 1164 720 1220 Claudianum
764 1166 902 1235 inclusus,
924 1185 974 1220 nec
995 1166 1081 1219 minui
1102 1164 1275 1231 abradtndo,

209 1258 266 1319 non
280 1240 422 1314 displicet,
441 1263 523 1317 quem
542 1245 596 1301 hoc
610 1246 721 1300 nomine
764 1266 814 1300 nec
833 1245 1010 1301 admiscendis
1030 1246 1122 1299 alienis
1137 1244 1277 1317 corrumpi

210 1317 246 1372 dc
266 1321 378 1393 singulis
400 1323 481 1378 etiam
495 1325 577 1380 stellis
598 1326 639 1379 nti
658 1326 721 1381 alias
764 1327 873 1399 poterit.

704 1743 794 1821 Lx..

477 1942 481 1951 ’
592 1978 627 2022 x.
655 1978 707 2025 nn
734 1978 886 2027 sonnis.

209 2118 480 2241 Cnsunrrnn
496 2166 651 2234 immunis
669 2188 819 2234 convexo
835 2167 979 2263 tegmine
995 2168 1117 2247 rivus„

260 2272 462 2365 Duratisme
477 2294 582 2366 vagus
599 2270 674 2340 lons
691 2272 842 2366 operitur
858 2270 959 2365 aquis.

208 2379 329 2448 Nonne
352 2376 458 2467 rides,
478 2378 620 2483 propriis
636 2392 674 2446 ut
691 2373 821 2474 spumet
839 2401 969 2474 gemma
985 2375 1128 2464 lacunis,

261 2486 305 2552 Et
317 2485 440 2554 refluos
454 2483 583 2560 ducant
592 2484 712 2582 pocula
725 2486 803 2554 viva
817 2483 930 2553 sinus?

209 2590 349 2685 Udaque
362 2592 519 2686 pingatur
533 2592 631 2662 radiis
646 2592 855 2662 obstantibus
871 2593 976 2684 Iris„-

261 2699 412 2768 Secretas
427 2698 552 2769 hiemes
567 2687 762 2770 sollicitante
780 2695 855 2772 die?

251 2904 276 2939 1.
293 2887 407 2959 Tegmina
419 2887 457 2941 sic
466 2890 558 2960 posuit
569 2901 601 2942 ut
614 2890 673 2959 vl,
688 2891 715 2943 3.
802 2895 829 2952 4.
839 2869 932 2940 Poculd
940 2891 1012 2952 ulva,
1023 2905 1090 2958 aqua
1103 2885 1190 2940 ssuens
1201 2885 1288 2944 intus„

207 2967 308 3020 Totum
320 2967 374 3020 hoc
387 2969 547 3040 epigramma
561 2970 661 3024 cacteris
675 2970 716 3023 in·
760 2978 788 3020 et
799 2983 911 3021 movens
925 2986 972 3034 se;
987 2967 1078 3018 dream
1090 2970 1155 3018 sinus
1168 2965 1270 3036 refluos,

207 3047 289 3100 serius
304 3047 424 3113 videtur,
438 3061 464 3100 et
479 3050 610 3102 exhausta
624 3067 716 3114 reum,
759 3049 899 3118 reciproco
921 3046 1014 3111 fluxu,
1040 3047 1123 3099 instar
1139 3045 1211 3098 sinus
1227 3057 1276 3105 aut

207 3127 717 3201 acvalntmachiniscxpressum‚atqne
762 3127 874 3180 aestuarii
897 3127 1017 3192 marini,
1044 3139 1126 3198 prout
1150 3124 1274 3196 dirigitur

205 3217 352 3262 extortum.
368 3208 439 3261 Hinc
451 3209 531 3263 nimis
549 3221 609 3281 eget
619 3209 716 3263 Gram-
760 3207 909 3279 crystallus,
919 3207 1022 3274 fluunt,
1032 3207 1159 3258 refluunt.
1168 3205 1274 3256 -Biaa

206 3286 321 3352 madeo„
343 3300 537 3360 contraquam
558 3300 634 3362 optat
649 3288 715 3346 ille.
759 3287 837 3340 lunt.
849 3285 1272 3344 Bm.Clarm.let.viaaVicn.

206 3383 255 3418 sus
275 3379 304 3419 ut
320 3366 492 3423 Grammaticis
500 3369 616 3440 placeant
629 3380 655 3420 et
667 3370 719 3421 siae
762 3365 829 3418 nulla
841 3365 902 3419 Ald.
916 3371 974 3419 viva
985 3367 1062 3419 ctiam
1077 3366 1137 3436 Cuj.

209 3445 391 3500 Grammaticis.
805 3445 831 3499 5.
847 3446 965 3502 Obversa
982 3447 1031 3499 soli
1046 3445 1183 3517 crystallus
1199 3457 1275 3497 certo

250 3525 277 3579 3.
291 3527 332 3579 Dc
349 3547 432 3597 spuma
448 3527 566 3581 mirabor
582 3529 604 3582 si
623 3514 717 3582 rerum
764 3525 815 3578 situ
829 3538 934 3597 poterat
950 3526 1052 3580 colores
1064 3523 1178 3578 reddere
1190 3525 1275 3576 instar

206 3605 252 3661 sit.
278 3605 403 3677 Magnam
426 3607 488 3660 satis
512 3608 634 3662 lacunam
662 3626 717 3661 csse
763 3606 904 3676 prismatis.

205 3697 329 3757 oportet,
342 3687 372 3738 in
383 3706 435 3759 qua
445 3687 497 3739 lsoc
505 3689 649 3759 contingat.
663 3686 716 3740 Sed
804 3687 830 3737 6.
846 3685 905 3737 Dias
918 3684 963 3737 hic
975 3685 1014 3737 sol
1025 3697 1079 3748 est,
1092 3684 1139 3754 qui
1148 3684 1273 3746 sollicitat,

205 3762 320 3819 suadent
333 3767 413 3819 etiam
424 3767 473 3820 alia
481 3806 489 3833 ‚
503 3787 559 3821 non
569 3768 649 3821 nimis
659 3787 718 3840 par·
765 3779 870 3828 movet,
886 3765 983 3830 afficit,
998 3775 1099 3816 secretas
1113 3764 1215 3824 laamas,
1231 3763 1279 3813 in-¹

205 3863 269 3898 ram
283 3846 364 3900 luisse
378 3848 495 3918 crystalli
510 3848 617 3901 molem.
637 3845 718 3913 Quod
766 3845 849 3897 clusas
858 3845 933 3897 volut
942 3843 1061 3914 pluvias,
1075 3855 1104 3894 nt
1115 3841 1217 3894 colores
1231 3841 1288 3894 iri·.

201 3929 318 3997 proprias
343 3925 411 3979 dicit
432 3927 547 3992 lacuum,
569 3947 625 3980 non
647 3925 719 3980 aliud
767 3921 816 3976 dos
828 3922 951 3977 reddant.
965 3923 1009 3976 sic
1022 3921 1082 3973 diem
1093 3921 1183 3992 posuit
1193 3922 1272 3974 etiarn

205 4005 718 4078 voluit,nisifallor,Poeta‚quanrsuas.
768 4005 867 4057 Lucan.
884 4005 939 4068 lv,
963 4001 1032 4066 154,
1048 4003 1096 4054 ubi
1119 4029 1130 4048 ι
1146 4000 1277 4055 decrescit

206 4086 713 4162 -Properisrnltlleinsqaamspamat
769 4085 864 4138 umbra
880 4085 911 4136 ln
926 4081 1045 4142 medium
1058 4095 1182 4153 surgente
1193 4079 1244 4134 dic.
1262 4106 1274 4126 ι

1034 4185 1104 4284 24³
