3034 4900
299 423 369 518 176
534 425 607 492 cs.
637 423 938 492 creauerunt
965 427 1107 493 xxxi.
1157 375 1160 381 ¹

290 559 398 625 Eoum
418 553 525 625 stabili
543 555 732 625 moderatus
747 557 821 649 jure
834 559 1000 626 Senatum.

288 665 352 732 Hic
375 661 530 757 splendor
545 663 665 756 juveni.
682 662 856 732 Cunabula
874 665 978 758 primu
992 663 1109 758 puellae
1163 661 1168 670 ’

287 769 478 853 Danubius,
492 783 684 862 veteresque
699 771 804 836 Tomi.
819 771 984 838 Mavortia
1000 773 1113 839 matris
1327 823 1351 861 ,υ

286 873 448 944 Nobilitas
468 873 579 968 spoliis
597 876 760 968 armisque
783 875 923 944 exsultat
942 875 1055 962 avitis,

286 981 550 1075 Immensamque
574 980 676 1049 trahit
690 980 833 1049 Celerini
849 982 968 1050 robore
982 981 1106 1068 lucem,

285 1086 353 1175 Qui
371 1087 535 1180 quondam
556 1089 694 1154 Meroen
706 1087 816 1178 jussus
835 1086 1012 1185 Nilumque
1027 1092 1131 1177 tueri,

285 1193 399 1282 Quum
424 1193 483 1262 sibi
507 1207 581 1286 post
598 1192 738 1261 domitas
759 1192 800 1260 ad
818 1193 971 1262 Parthica
990 1193 1127 1263 flumina
1141 1197 1264 1266 Carras

284 1301 420 1393 Sceptra
440 1298 533 1367 daret
551 1297 668 1378 miles,
689 1297 853 1392 rebusque
868 1300 1039 1394 imponere
1058 1300 1174 1386 vellet,
1327 1338 1352 1388 ⁷⁵

284 1406 443 1498 Despesit
465 1404 636 1490 fremitus,
655 1419 688 1472 et
703 1403 847 1499 pretulit
867 1408 934 1473 otiu
956 1429 1070 1500 regno.

284 1511 423 1605 Respuit
444 1513 626 1605 ingestum,
648 1511 737 1604 quod
756 1510 806 1596 vi,
823 1511 911 1604 quod
933 1537 1068 1605 poscere
1089 1512 1177 1582 ferro

283 1617 475 1686 Posthabita
490 1617 612 1710 pietate
627 1615 741 1685 solent.
756 1619 840 1684 Turn
859 1642 1007 1712 purpura
1027 1620 1169 1711 primum

285 1836 365 1890 fuerit
382 1835 558 1900 Claudianus,
577 1849 666 1890 utrum
687 1837 796 1891 laudare
840 1838 891 1890 hoc
910 1839 944 1891 ab
959 1839 1012 1890 alio
1028 1857 1136 1910 quoque
1152 1840 1186 1892 sit
1201 1839 1350 1905 ruditum,

285 1915 460 1970 Stilichonem
476 1907 570 1986 (quod
590 1917 634 1968 hic
649 1917 681 1969 fit
697 1937 722 1969 v.
737 1914 795 1985 93)
840 1915 916 1969 valde
931 1915 1038 1971 dubito.
1054 1919 1114 1972 Hoc
1133 1931 1221 1991 potest
1237 1920 1313 1986 lieri,
1329 1923 1351 1975 si

282 2010 344 2050 octo
369 1995 443 2048 annis
467 2007 528 2048 ante
551 1997 697 2068 punitum,
719 2015 796 2049 susus
840 1995 917 2050 valde
930 2016 1007 2049 senex
1024 1999 1094 2063 fuit,
1108 2018 1191 2070 quum
1203 1998 1352 2052 deferretur

284 2076 375 2140 fuerit,
384 2074 631 2140 mihi‚utnnncest,
639 2077 794 2147 nonliquet.
839 2077 879 2128 illi
897 2076 1057 2148 imperium,
1078 2091 1110 2130 ut
1126 2077 1198 2131 idern
1211 2079 1245 2131 sit
1265 2079 1351 2150 Cuspi-

284 2157 372 2210 Poetss
384 2152 493 2226 quidem
510 2156 595 2210 nostri
613 2157 728 2228 stylum,
743 2157 796 2208 vir·
839 2156 894 2208 dius
922 2157 1065 2218 Celerinus,
1094 2160 1169 2230 cujus
1194 2160 1352 2212 senatoriam

286 2248 370 2300 tutes,
387 2235 450 2288 vitia
465 2254 605 2305 agnoscere
622 2237 688 2288 mihi
702 2236 747 2288 hic
758 2236 796 2286 vi·
841 2236 998 2288 sententiam
1009 2238 1091 2290 refert
1107 2238 1251 2308 Capitulin.
1267 2238 1352 2291 Maxi·

286 2314 361 2368 deor.
379 2315 435 2366 Nec
455 2333 497 2366 me
515 2314 591 2368 valde
611 2328 700 2368 moret
722 2313 797 2386 quod
841 2315 906 2368 min.
916 2329 982 2368 extr.
995 2315 1117 2369 Celerinus
1126 2322 1215 2370 steria
1228 2318 1294 2368 illitu
1305 2317 1352 2370 Ce-

285 2396 357 2450 abest
370 2394 422 2446 hoc
438 2412 544 2465 carmen
557 2396 585 2446 in
600 2395 797 2467 exemplaribus
841 2395 918 2446 lerina
928 2396 1052 2468 Martyris
1067 2409 1196 2460 coronata,
1209 2410 1272 2449 sunt
1280 2395 1352 2468 apud

286 2476 378 2547 primre
389 2472 513 2527 editionis
526 2475 698 2529 vicentinis..
841 2474 1007 2547 Cyprianum
1029 2476 1114 2547 Epist.
1134 2474 1263 2527 XXXIX.
1286 2478 1354 2529 Rem

329 2574 371 2625 7⁰·
387 2554 485 2605 Veteres
502 2554 587 2605 Tomos
601 2573 656 2607 non
671 2552 752 2606 modo
764 2556 797 2607 ab
840 2554 924 2625 ipsam
936 2594 945 2619 ‚
969 2567 995 2606 et
1016 2555 1157 2607 lectionem
1180 2554 1353 2607 Heinsianam

288 2633 379 2687 Ovidii
391 2634 482 2687 exsilio
493 2634 609 2697 nobiles,
623 2632 669 2687 sed
681 2635 713 2687 ab
727 2634 796 2686 anti·
840 2635 918 2687 unice
931 2634 1018 2686 firmat
1029 2631 1149 2685 laudatus
1164 2634 1197 2685 ab
1210 2633 1256 2684 illu
1272 2632 1353 2685 Sido·

287 2732 337 2785 qua
352 2714 460 2781 Absyrti
475 2712 563 2765 fabula
575 2754 582 2781 ‚
593 2732 652 2785 quse
671 2712 732 2765 urbi
745 2732 797 2765 no·
840 2712 918 2779 nius,
933 2714 995 2766 Car.
1005 2713 1115 2777 XXIII,
1129 2722 1184 2778 90:

287 2810 347 2843 men
362 2790 465 2843 dedisse
478 2792 623 2859 ferebatur,
639 2812 718 2865 quem
735 2812 796 2845 nar·
892 2817 942 2857 nnn
954 2813 1092 2866 querentur·
1103 2814 1261 2867 expeditionem,

287 2883 329 2924 rat
348 2868 463 2923 Ovidius
481 2870 562 2924 Trist.
583 2874 641 2937 ΙΙΙ,
664 2894 697 2941 9,
717 2874 798 2926 etita
892 2885 933 2922 Aut
946 2884 1032 2922 rieures·
1042 2893 1104 2922 min
1114 2885 1224 2937 protentis

285 2949 387 3004 clandit
399 2968 406 3001 ζ
893 2954 938 2993 t'srt
947 2954 1050 3006 principis,
1064 2965 1083 2992 et
1094 2954 1250 3009 pemmbnlntnm

894 3022 986 3062 lton-nt·
997 3023 1106 3076 legionibus
1113 3026 1221 3078 Niphaten,

286 3048 334 3085 Inde
350 3047 414 3092 Tomos
425 3046 488 3085 dictus
495 3045 549 3085 lorus
560 3046 604 3093 hle,
615 3046 660 3097 quis
666 3047 729 3085 fertur
735 3049 756 3085 in
763 3047 798 3086 illo

707 3120 711 3128 .
894 3092 945 3130 Tum
956 3104 1018 3143 qum
1029 3092 1111 3131 fulmins
1121 3106 1189 3148 reptos
1197 3094 1313 3146 imper-ster

325 3116 415 3156 Membrs
423 3131 478 3155 soror
490 3116 554 3155 turen
563 3116 668 3155 reuerat‘su
681 3131 716 3156 sur.

277 3190 418 3243 'Ceterum
440 3190 561 3242 Mauortia
583 3192 664 3240 matris
685 3188 798 3240 nobilitas
846 3177 1148 3253 (⁸5⁶108·P¹'0⁰³Pl¹¹⁸l

284 3282 341 3333 est,
351 3272 435 3340 quiae
444 3282 522 3340 gente
529 3268 653 3321 bellicosa
660 3268 799 3332 Getarum,
895 3266 961 3303 Vim
970 3264 1086 3305 ‘thiubu’
1094 3281 1162 3320 putem
1172 3268 1254 3321 peregit.

288 3348 350 3419 quia
369 3349 410 3399 vir
430 3350 506 3400 fortis
526 3361 552 3400 et
572 3347 701 3401 militibus
722 3366 798 3400 carus
883 3349 929 3415 76.
953 3346 1073 3399 Fremitru
1092 3347 1231 3418 proprium
1254 3364 1353 3399 nomen

288 3428 437 3481 Celerinus.
842 3424 1022 3495 exprimendis
1046 3427 1156 3479 vocibus
1175 3423 1354 3480 multitudinis

330 3506 377 3576 73.
391 3506 513 3558 Celerinus
522 3524 600 3571 evus,
612 3504 647 3558 de
656 3506 799 3575 majoribus
843 3506 988 3558 concitate.

289 3600 360 3639 certe
370 3584 497 3637 Celerinae
508 3604 609 3656 sponsae
618 3604 699 3649 unus,
710 3604 801 3638 secun·
893 3602 938 3653 77.
952 3586 1092 3653 Ingestum,
1110 3602 1171 3635 eum
1186 3581 1355 3637 vehementia

289 3664 356 3718 dum
369 3665 425 3717 haec
440 3664 579 3717 Praefectus
593 3668 709 3735 AEgypto
721 3663 801 3717 dehet
844 3662 958 3734 quadarn
968 3676 993 3717 et
1002 3663 1200 3736 importunitate
1207 3660 1275 3714 adeo
1281 3665 1355 3716 obla·

291 3746 386 3809 fuisse,
405 3756 431 3797 et
445 3757 505 3817 post
519 3757 631 3797 mortem
647 3744 727 3809 Cari,
744 3746 800 3811 sul·
845 3757 902 3796 tum
916 3762 923 3795 :
938 3756 968 3795 ut
983 3746 1088 3813 ingerere
1106 3763 1131 3793 se
1148 3740 1292 3809 dicuntur,
1308 3743 1354 3815 qui

290 3828 360 3886 minc,
374 3825 552 3887 atterebatur,
563 3822 635 3894 apud
643 3824 748 3875 Parthos
755 3842 801 3877 oc·
845 3822 931 3875 calide
950 3822 1031 3875 nimis
1046 3836 1072 3875 et
1090 3822 1243 3892 importune
1260 3836 1356 3893 petunt

289 3902 353 3967 cisi,
368 3906 401 3955 ab
414 3903 531 3956 exercitu
543 3903 669 3955 salutatus
680 3921 735 3955 esse
746 3904 800 3955 Im·
845 3902 969 3954 honores.
982 3901 1050 3954 Plin.
1065 3902 1129 3954 Pan.
1141 3901 1300 3966 LXXXVI,
1321 3920 1334 3952 s
1347 3938 1357 3965 ,

293 3992 415 4050 peratum
429 4000 508 4052 quem
520 3982 653 4035 honorem
667 3980 812 4035 moderate·
847 3981 991 4047 Proesectum
1007 3983 1124 4039 Proetoris'
1135 4000 1183 4031 non
1202 4002 1232 4032 ex
1247 3984 1356 4049 ingeren-

291 4078 323 4112 ιο
336 4059 468 4130 sapienter
481 4059 635 4133 deprecatus
645 4072 692 4113 est.
705 4060 804 4113 Utrum
850 4060 927 4122 tibus,
943 4060 987 4111 sed
996 4082 1026 4111 es
1039 4060 1229 4113 subtrahentibus
1244 4061 1328 4127 legere.
