3034 4900
310 470 387 553 tu
603 465 859 537 aeonium
886 468 1067 537 roure

307 602 519 691 Duratosque
535 620 647 668 armos
662 597 823 693 seopulis,
838 613 991 693 totosque
1008 624 1069 695 per
1086 614 1176 671 artus

308 704 461 774 Difficilis
477 705 623 798 potuisse
640 706 748 773 mori:
768 730 837 774 non
854 703 980 801 spicula
993 707 1027 774 in
1040 704 1151 793 illurn,
1239 738 1242 744 ·

309 810 547 905 Nodosumque
562 810 649 905 rapis
659 803 675 832 *
693 826 831 905 gruvato
848 811 995 907 pondere
1009 812 1121 881 robur.

308 918 435 986 Armati
451 915 606 984 viduatur
619 916 749 998 honos:
766 942 827 987 nec
842 916 980 987 vulnera
993 919 1097 987 virtus

309 1021 486 1117 Extemplo
502 1022 562 1090 tihi
579 1022 666 1092 facta
680 1024 774 1093 timet
788 1048 796 1090 ε
812 1024 948 1118 jamque
963 1026 1084 1128 arripis
1097 1022 1186 1093 ultro

308 1130 541 1223 Spumantem,
558 1128 715 1223 togisque
728 1128 821 1197 diem
834 1129 973 1199 sufferre
990 1129 1134 1219 tuendo,
1337 1161 1373 1201 us

306 1239 415 1329 Atque
429 1236 582 1329 supinato
602 1236 778 1304 mirantem
797 1233 921 1305 lumine
938 1238 1025 1307 vinci

306 1340 452 1436 Argolici
469 1341 575 1409 vietor
589 1355 702 1434 portas
716 1341 778 1410 sub
796 1355 882 1411 tecta
901 1345 1040 1437 tyranni.

360 1450 461 1515 Fama
476 1443 562 1515 celer
578 1460 649 1516 toto
663 1448 823 1516 uictorem
842 1464 1007 1542 sparserat
1022 1448 1123 1536 orbe,

307 1550 538 1646 Auxiliumque
554 1554 619 1621 Dei
635 1552 794 1649 poscebat
807 1555 908 1623 Creta
924 1568 1062 1624 cruento

308 1660 406 1727 Victa
424 1656 521 1728 malo.
535 1657 664 1728 Taurus
679 1659 789 1729 medio
802 1685 880 1729 nam
894 1660 1000 1729 sidere
1016 1663 1120 1731 Lunae

307 1766 503 1857 Progenitus
516 1765 644 1833 Dictaea
656 1767 748 1834 iovis
762 1764 953 1860 possederat
967 1790 1057 1836 arva.
1148 1758 1151 1767 ’

307 1869 444 1939 Fulmen
459 1870 574 1939 abore
590 1873 698 1956 venit,
715 1871 922 1965 flammisque
939 1872 1125 1943 furentibus
1141 1870 1235 1943 ardet

309 1978 471 2071 Spiritus,
488 1992 522 2047 et
539 1991 660 2045 terram
683 2003 751 2045 non
773 1976 843 2047 caeli
861 1978 994 2047 flamma
1010 1981 1154 2073 perurit,

300 2083 374 2152 'Sed
393 2084 491 2153 flatus
510 2076 684 2152 monstri*
700 2084 828 2182 Dextro
843 2084 912 2177 jam
928 2086 1011 2154 Siria
1031 2098 1158 2156 cessent

308 2190 441 2277 Sidera,
461 2188 584 2283 Solque
604 2188 680 2259 licet
701 2188 829 2283 glaciali
849 2190 972 2285 frigore
993 2193 1101 2261 victus
1332 2220 1369 2260 „s

306 2382 416 2457 quidem
435 2394 461 2435 et
479 2381 644 2435 atrocitatem
658 2380 813 2452 signandam
856 2398 930 2434 mero
939 2381 1061 2435 Herculis
1069 2401 1150 2435 manu
1158 2384 1304 2455 prementis
1312 2385 1368 2438 sau-

307 2467 356 2537 qui
370 2463 505 2535 pertinere
517 2462 612 2533 possit,
626 2460 783 2514 nonvideo.
857 2481 907 2515 ces.
935 2494 975 2503 —
992 2464 1136 2534 Argolicum
1163 2475 1289 2536 tyrrannum
1314 2483 1367 2518 esse

350 2539 703 2612 rro.1)eeseeeliquidopin.
712 2540 774 2612 Cuj.
855 2541 1019 2611 Eurysthea,
1034 2562 1076 2595 ree
1089 2542 1145 2614 ipsa
1159 2541 1246 2597 docet.

345 2619 814 2692 111.Potut'rseproposse,inlinitum
901 2639 965 2675 rao.
976 2621 1077 2693 Major-a
1088 2624 1198 2676 terrenis
1207 2624 1329 2678 animalia
1338 2624 1364 2676 in
1479 2595 1480 2654 l

213 2713 216 2725 '
304 2718 393 2760 nutem
403 2699 815 2772 Grsecarationepositum.Sen·
856 2703 974 2754 cavernis
988 2702 1071 2754 Lunae
1087 2702 1365 2767 nasci,0stensumed
1411 2757 1413 2761 ,
1479 2765 1480 2770 ¹

305 2803 349 2838 eus
371 2795 410 2835 est
424 2800 430 2833 :
446 2779 600 2834 difficulter*
611 2792 699 2851 potest
718 2781 788 2832 mori
805 2799 814 2846 ;
857 2781 961 2846 XXIV,
979 2783 1042 2836 288.
1057 2779 1194 2835 Addamus
1212 2782 1257 2836 hic
1274 2785 1364 2837 locum
1479 2837 1480 2840 ,

304 2865 382 2916 vivex
393 2860 489 2913 animal
500 2857 718 2928 esudiffieilead
730 2859 815 2912 inter·
857 2859 1191 2925 numilitatem,
1209 2864 1366 2932 7,ubiNe·
1479 2861 1480 2870 ’

305 2940 458 2996 finiendum.
857 2959 968 2992 meeum
975 2940 1079 2992 leonem
1088 2938 1122 2993 de
1132 2941 1197 2994 celo
1205 2940 1364 3014 delapsum

348 3039 413 3076 112.
429 3019 555 3081 Gmeeto,
567 3017 647 3071 Vien.
661 3017 720 3070 Bes.
731 3021 814 3086 gravi-
856 3019 1015 3092 quibusdam
1024 3019 1078 3072 dici
1086 3032 1227 3086 memorat,
1235 3035 1262 3074 et
1272 3024 1364 3077 recitet

305 3097 815 3168 dau,clar.01meopostt>u1m.fleins.
856 3097 1022 3171 Epimenidis
1042 3099 1205 3166 versiculos,
1225 3101 1364 3174 inquibus

304 3179 581 3251 -Clavatumpoudes,
590 3177 705 3230 molesia
712 3177 814 3231 clavam
856 3179 913 3250 ipse
929 3179 967 3232 eie
980 3178 1089 3250 loquens
1104 3179 1298 3248 introducitur,
1314 3181 1361 3235 Καὶ

304 3265 425 3317 formata.
855 3261 903 3330 γὰρ
920 3259 967 3330 ἐγὼ
980 3260 1047 3329 ylio:
1063 3259 1123 3330 ἐμμὶ
1136 3265 1239 3322 ederae
1250 3263 1362 3334 ἠϋκόμοιο

348 3343 411 3395 113.
431 3340 554 3392 Videatur
568 3337 671 3401 honos,
691 3335 813 3400 tollitur,
856 3358 880 3390 κ.
900 3357 924 3391 τ.
944 3345 968 3390 λ.
989 3337 1148 3392 Emendavit
1165 3339 1224 3393 illos
1244 3339 1312 3394 Seal.
1330 3337 1362 3393 ed

304 3433 377 3477 certe
390 3418 570 3492 pulcherrima
583 3416 624 3470 eui
637 3429 713 3488 parte
724 3417 814 3488 priva·
857 3417 931 3470 Cirin
939 3437 979 3489 ‚p.
988 3419 1033 3471 50.
1041 3416 1093 3470 Sed
1102 3417 1171 3490 fugit
1180 3437 1209 3472 ee
1219 3439 1261 3473 res
1271 3419 1362 3474 doctos

302 3516 357 3556 tur.
377 3499 465 3552 Armis
484 3510 511 3551 et
527 3497 598 3550 ferro
617 3493 749 3550 conficere
769 3497 814 3550 be-
856 3497 1041 3552 recentissime
1055 3496 1180 3552 editionis
1192 3511 1320 3555 auctores.

304 3583 381 3636 stium
399 3579 485 3634 multo
497 3579 643 3649 majorem,
658 3575 812 3642 fortiorem,
899 3582 963 3639 rud.
974 3577 1062 3630 Locus
1071 3579 1211 3644 obscurus,
1221 3589 1259 3642 et,
1271 3593 1303 3632 ut
1314 3597 1361 3633 cre·

304 3663 367 3717 artis
387 3672 428 3714 est
453 3670 481 3711 et
501 3656 661 3712 celeritatis:
684 3655 813 3709 Hercules
854 3667 910 3708 tera
926 3657 954 3709 in
969 3655 1021 3710 hoe
1034 3657 1137 3722 libello,
1152 3658 1259 3712 relictus
1273 3662 1306 3712 ab
1321 3659 1360 3712 in·

304 3744 362 3795 vult
374 3739 474 3794 censeri
487 3739 567 3791 etiam
580 3737 688 3792 robore.
854 3735 1015 3806 terpretibus
1025 3755 1032 3788 t
1043 3738 1070 3789 in
1080 3737 1243 3790 Elzeviriene
1253 3752 1361 3811 uta-eque

346 3822 410 3875 115.
422 3818 535 3873 Suillum
547 3835 629 3888 genus
638 3815 722 3886 magis
732 3813 812 3868 etiam
855 3815 934 3869 etiam
947 3815 1071 3869 asterisco
1083 3816 1207 3886 signatus.
1219 3819 1360 3872 Tentemus

302 3919 382 3972 quam
390 3901 440 3953 alia
447 3898 570 3951 animalia
578 3897 690 3949 humum
698 3905 812 3965 spectat;
854 3894 969 3966 aliquid,
983 3908 1014 3947 ut
1025 3896 1053 3948 in
1066 3914 1095 3947 re
1108 3894 1252 3968 desperate.
1268 3899 1359 3952 Darsa

302 3981 331 4032 in
352 3979 444 4033 lustris
468 3976 599 4030 delitescit
620 3988 647 4028 et
668 3975 734 4026 luto.
756 3975 811 4038 Qui
853 3993 886 4028 ex
906 3976 1016 4046 antiqua
1036 3973 1174 4046 disciplina
1193 3976 1360 4047 Empedoclis

302 4060 381 4113 vellet
398 4056 443 4109 hic
458 4056 588 4108 victorem
608 4054 665 4125 apri
684 4052 810 4124 pingere,
853 4053 926 4125 opud
943 4055 1077 4106 Plutarch.
1096 4053 1130 4107 de
1147 4055 1219 4111 Plau.
1235 4057 1304 4110 Phil.
1317 4058 1357 4114 11.

301 4140 346 4193 ille
358 4137 465 4191 deberet
475 4135 600 4205 supinum
612 4135 748 4203 imponere
759 4133 809 4184 hu·
857 4135 1081 4198 ro‚suutrltttardt
1093 4135 1131 4187 ror
1142 4137 1228 4206 θερινὸν
1238 4139 1356 4207 τροπικήν.
