3034 4900
460 472 533 539 DE
559 471 615 540 vl
642 470 788 541 CONS.
818 474 1063 546 HONORII.
1222 480 1287 554 131

227 606 338 695 Quem
358 618 475 673 tenero
491 604 596 697 patris
614 605 768 673 comitem
789 622 977 701 susceperat
993 634 1080 698 aevo,

226 714 328 781 Nune
347 710 432 779 duce
450 733 529 779 eum
547 732 663 779 socero
677 710 834 803 juvenem
854 724 887 781 te
903 713 1010 783 Tibris
1027 715 1150 786 adoret
1166 746 1185 784 n
1253 749 1292 795 ns

6 818 23 856 ⁸
283 820 445 886 Orantem
462 813 573 883 medio
591 816 747 911 Princeps
766 840 917 887 sermone
935 819 1075 890 refovit:

203 975 211 995 .
234 952 254 987 α
267 926 460 1016 Numquam
480 918 603 1014 aliquid
622 921 746 992 frustra
764 947 824 1018 per
844 946 898 1023 me
915 925 1059 997 voluisse
1073 926 1215 1020 dolebis,

231 1032 265 1098 Ο
282 1031 375 1113 Dea,
396 1050 459 1097 neo
478 1024 589 1120 legum
609 1026 659 1097 fas
677 1042 727 1097 est
743 1053 918 1099 occurrere
939 1036 1044 1102 matri.

232 1134 299 1203 Sed
315 1158 377 1203 nec
395 1146 472 1227 post
490 1132 629 1225 Libyam
646 1125 763 1221 (falsis
781 1158 822 1203 ne
838 1160 940 1231 perge
958 1138 1100 1233 querelis
1171 1189 1177 1200 ·

232 1242 389 1309 incusare
405 1231 502 1327 tuos)
518 1240 633 1332 p'atriae
654 1240 809 1309 mandata
828 1245 977 1333 vocantis
1255 1276 1294 1322 m

232 1347 445 1440 sprevimus:
465 1343 612 1414 advectae
630 1347 731 1415 misso
749 1345 928 1417 Stilichone
947 1348 1100 1438 curules,

231 1452 280 1520 Ut
300 1463 432 1519 nostras
448 1451 531 1539 tibi,
551 1452 679 1538 Roma,
699 1453 788 1522 vices
809 1478 871 1547 pro
884 1454 1044 1549 ‘Principe
1062 1456 1177 1526 consul

230 1554 408 1651 impleret,
429 1580 617 1651 generoque
635 1581 749 1627 socer:
767 1558 892 1629 vidistis
904 1561 946 1628 'in
962 1560 1018 1630 illo
1054 1608 1056 1611 -

231 1664 289 1731 Me
306 1685 456 1756 quoque:
472 1664 520 1731 sic
541 1661 645 1732 credit
663 1665 788 1759 pietas,
804 1689 871 1733 uon
891 1668 1051 1761 sanguine
1068 1666 1156 1757 solo,

231 1768 297 1837 Sed
315 1766 413 1837 claris
430 1769 544 1862 potius
560 1768 672 1857 factis,
688 1784 826 1864 expertq
844 1786 1027 1865 parentem.
1253 1800 1292 1846 tn

233 1877 363 1944 Cuncta
383 1872 517 1967 quidem
536 1888 670 1943 centum
691 1898 851 1970 nequeam
871 1880 1092 1973 perstringere
1110 1878 1249 1974 linguis,

231 1980 315 2069 Quae
332 2003 395 2074 pro
412 2004 466 2047 me
486 1979 676 2074 mundoque
695 1983 800 2076 gerit:
821 1982 877 2051 sed
897 1983 940 2053 ab
958 1985 1112 2053 omnihus
1127 2010 1248 2072 unum,

232 2086 367 2153 Sifama
383 2085 525 2155 necdum
546 2088 672 2180 patuit,
692 2101 743 2175 te,
764 2090 891 2173 Roma,
909 2088 1056 2175 docebo,

233 2189 426 2282 snbjecmm
445 2192 568 2261 nostris
581 2191 706 2280 oculis,
725 2206 759 2261 et
779 2194 872 2286 cujus
890 2194 1008 2288 agendi

232 2296 407 2389 Spectator
425 2296 475 2365 vel
492 2320 609 2366 caussa
629 2297 686 2365 fui.
702 2297 882 2392 Populator
898 2300 1033 2369 Achivae
1255 2334 1294 2377 m

233 2401 448 2496 Bistoniaeque
461 2402 587 2498 plagae,
609 2399 733 2472 crebris
751 2405 957 2474 successibus
978 2427 1112 2491 amens,

230 2509 276 2576 Et
294 2513 409 2602 ruptas
426 2510 543 2578 animis
559 2509 686 2603 spirans
707 2511 904 2579 immanibus
923 2509 1043 2604 Alpes,

533 2635 544 2670 r

227 2710 362 2762 invectum
385 2719 541 2778 acceptam
563 2721 591 2762 et
615 2727 738 2763 reveren-
826 2707 890 2774 434.
906 2709 948 2761 Sic
964 2709 1039 2760 credit
1057 2713 1136 2778 pietas
1154 2728 1233 2764 mea:
1254 2713 1292 2766 sic

228 2788 315 2857 tim,
333 2805 388 2860 qna
411 2788 496 2840 adoret
518 2805 592 2841 nuno
613 2791 739 2859 juvenem
782 2785 862 2841 eredo
876 2806 923 2859 ego
938 2787 1087 2850 Honorius,
1102 2800 1151 2842 etc.

227 2887 289 2922 m
302 2886 397 2922 tooero
411 2867 568 2920 Stilichone.
823 2867 889 2932 436.
902 2867 1002 2920 Centum
1011 2867 1099 2938 linguis
1104 2890 1114 2930 ,·
1125 2865 1151 2920 id
1161 2867 1290 2924 familiare

269 2949 337 3011 tna.
355 2947 488 3000 occurren
501 2957 542 2999 est
553 2947 631 3000 etiem
644 2943 739 3000 adver·
781 2947 866 3017 poetis
879 2965 886 2999 τ
902 2969 912 2988 π
926 2958 1035 3000 eentum
1054 2947 1105 2999 sibi
1121 2967 1230 3020 poscere
1241 2969 1290 3004 vo·

230 3027 301 3084 sari,
314 3040 345 3080 ut
356 3027 387 3078 iu
401 3026 449 3078 illo
463 3025 521 3080 cic.
538 3025 594 3078 Oli.
607 3027 654 3091 11,
665 3045 695 3097 c.»
706 3045 740 3092 a,
782 3044 825 3078 ces
836 3045 860 3089 »ς
870 3027 941 3078 Pera.
955 3025 1009 3079 Sat.
1021 3027 1056 3091 V,
1065 3045 1124 3078 vero
1139 3045 1162 3080 r.

233 3103 376 3158 onmem
389 3105 457 3158 uobis
469 3123 486 3156 a
500 3104 585 3159 decis.
597 3137 638 3148 -
648 3105 739 3176 laegum
824 3104 889 3176 437.
905 3105 1017 3168 Munde-
1028 3123 1079 3176 pro
1092 3117 1150 3158 toto
1161 3106 1289 3178 imperio,

230 3195 311 3236 neta·
321 3185 430 3256 pulchre
441 3183 645 3250 diciturlloma,
653 3203 739 3258 quum
782 3182 855 3257 quod
868 3203 929 3258 pars
942 3197 981 3238 est
993 3183 1185 3256 speciosissimo
1205 3186 1287 3238 orbis.

230 3263 312 3317 εόεω
331 3265 381 3317 enh
399 3265 608 3336 imperatoribus
621 3265 739 3317 valerent
782 3296 817 3307 -
829 3264 881 3316 Alii
891 3283 938 3336 pro
951 3264 1072 3318 m-At
1085 3263 1191 3314 omnibus
1200 3283 1288 3330 urum,

227 3343 300 3416 leges
310 3345 341 3398 in
356 3345 422 3397 urhe
435 3344 496 3398 late
508 3355 534 3396 et
548 3353 645 3414 rogote
655 3343 684 3395 in
693 3361 738 3396 eo·
781 3342 811 3396 h.
825 3363 848 3396 e.
863 3344 893 3395 de
905 3345 946 3396 vel
959 3365 989 3396 ec
1004 3343 1141 3407 omnibus,
1153 3356 1183 3398 ut
1198 3343 1231 3396 ab
1245 3363 1286 3400 or·

228 3423 318 3478 mitiis.
782 3422 847 3476 hore
857 3441 936 3495 poma
948 3421 1135 3494 decerpuntur.

264 3500 736 3575 taql’osthbimssildonevicto,
833 3508 897 3565 440.
923 3503 1021 3574 Incipit
1045 3519 1155 3556 narrare
1179 3515 1288 3555 eventus

233 3597 381 3652 receptam,
404 3595 484 3654 neget
501 3581 635 3635 Honorius
652 3595 739 3653 spreta
762 3625 766 3630 .
782 3579 845 3633 belli
865 3579 951 3634 Getici
971 3595 1063 3635 contro
1083 3582 1234 3644 Alaricum,
1254 3580 1289 3634 de

234 3679 250 3712 a
261 3678 290 3713 ee
301 3663 412 3714 meare
424 3663 532 3726 Rome,
539 3663 638 3733 patric,
652 3660 740 3732 iprum
784 3659 882 3732 quihus
893 3662 947 3732 agit
960 3680 1066 3715 carmen
1081 3661 1189 3714 xxvl.
1206 3662 1289 3730 Argu-

233 3742 367 3795 voeatis:
384 3741 496 3794 missum
511 3741 581 3793 enirn
599 3759 660 3794 cum
679 3741 740 3794 cella
784 3750 842 3792 tum
849 3733 1287 3811 estilludSpectatoroelcamsalui.

233 3819 325 3871 curuli
339 3820 529 3884 solicitorum,
545 3820 592 3891 qul
612 3821 669 3875 vice
684 3821 741 3872 llo·
811 3825 875 3884 441.
887 3821 1020 3872 Bistom'um
1028 3838 1077 3890 pro
1083 3817 1215 3870 Thracico
1221 3833 1289 3890 sepe

234 3899 309 3951 noxii
325 3902 488 3954 consolatum
504 3912 615 3972 gereret.
629 3933 634 3944 ·
785 3897 880 3952 Noster
890 3900 979 3968 ponit,
989 3897 1110 3968 exemplo
1117 3897 1288 3968 optimorum.

284 3977 350 4042 4³1.
374 3981 487 4032 Adeatoe
509 3983 579 4032 misso
602 3979 741 4033 Stilichone.
786 3977 1136 4042 -crebrtnlrmttunno
1152 3977 1249 4048 inepte.

227 4060 326 4113 Deleta
341 4059 405 4114 uelle
422 4059 524 4114 curulis
540 4058 698 4126 Stilichoni3
713 4071 744 4113 nt
829 4063 892 4118 46²·
903 4055 1016 4125 Spitam.
1028 4055 1121 4120 altius,
1133 4075 1179 4111 seu
1188 4058 1293 4112 altiores

227 4151 255 4192 te
270 4140 400 4194 inviseret
408 4159 463 4212 pro
474 4157 528 4192 me.
788 4135 897 4206 spiritus
908 4153 1018 4204 gerens,
1031 4149 1146 4206 turgens.
1208 4193 1209 4198 ,

1095 4241 1136 4337 9²
