3034 4900
409 459 486 561 nn·
505 459 561 525 vi
588 457 737 526 cons.
765 412 1010 536 nononn.
1172 450 1238 527 105

177 592 315 685 iurgia,
335 588 557 682 patriciasque
577 587 713 673 domos,
731 587 923 680 privataque
942 588 1060 681 passim

179 699 297 765 Visere
313 694 465 789 deposito
482 694 636 787 dignatus
650 691 764 761 limina
780 691 874 760 fastu.

178 800 338 871 Publicus
351 800 431 871 hinc
445 799 589 868 ardescit
602 823 711 886 amor,
725 822 827 892 quum
844 796 990 866 moribus
1009 798 1109 891 tequis

179 905 327 977 Inclinat
333 903 466 1000 -populo
480 904 591 999 regale
608 904 769 973 modestia
786 900 935 990 culmen,

179 1016 295 1106 Teque
314 1010 432 1080 rudem
452 1012 548 1098 vite,
563 1012 713 1103 quamvis
733 1008 915 1080 diademate
934 1007 1076 1076 necdum
1214 1036 1240 1073 es

181 1118 369 1212 cingebare
386 1140 516 1205 comas,
531 1117 657 1187 socium
674 1114 826 1185 sumebat
845 1113 1027 1201 bonorum,

180 1226 356 1317 Purpureo
378 1222 484 1291 fotum
502 1224 646 1317 gremio,
665 1243 871 1314 parvumque
889 1220 1066 1314 triumphis

182 1328 312 1416 Induit,
327 1342 362 1398 et
379 1329 508 1422 magnis
523 1328 639 1398 docuit
656 1324 839 1421 praeludere
855 1326 940 1397 fatis.

233 1436 283 1503 Te
298 1433 419 1529 linguis
438 1434 538 1503 variae
559 1447 691 1527 gentes,
708 1432 861 1525 missique
878 1446 1029 1525 rogatum

180 1538 322 1608 Foedera
336 1542 511 1608 Persarum
527 1562 699 1633 proceres,
714 1562 791 1606 eum
810 1551 904 1630 patre
919 1536 1084 1605 sedentem
1215 1576 1241 1617 7⁰

180 1648 256 1714 Hac
277 1643 445 1739 quondam
465 1643 578 1713 videre
593 1643 712 1730 domo,
728 1642 900 1735 positoque
918 1643 1033 1713 tiaram

180 1865 275 1923 gusto,
294 1852 342 1906 sed
359 1866 468 1906 enectam
481 1872 588 1925 qnoque
601 1867 692 1909 narrat
735 1852 865 1925 triumphi
880 1853 914 1907 de
934 1855 1059 1909 Maximo.
1078 1855 1242 1908 Haberemus

179 1934 292 1985 Sueten.
306 1951 329 1986 c.
343 1934 472 1986 XCVIII.
733 1931 791 1984 brec
805 1932 989 2005 explicatione,
1009 1936 1032 1987 si
1044 1946 1155 1987 exstaret
1166 1952 1240 1986 com·

222 2012 402 2075 tsttodestta
411 2014 541 2085 principis
551 2014 691 2065 inclinatae
734 2013 879 2065 mentm-lus
901 2014 988 2065 Latini
1011 2014 1118 2079 Paceti,
1142 2013 1186 2084 qui
1211 2013 1240 2065 in

181 2089 299 2143 demittit
318 2094 477 2163 majestatem
496 2110 572 2145 suam
591 2089 625 2145 ad
644 2110 693 2163 po·
734 2090 789 2141 line
807 2091 849 2143 sui
866 2091 895 2141 in
909 2090 1053 2146 Theodosii
1071 2093 1140 2145 hene
1156 2093 1240 2144 vieto-

181 2170 291 2239 pulnm.
733 2168 801 2221 riam
822 2170 990 2241 Panegyriei,
1009 2170 1139 2241 triumphi
1157 2170 1242 2241 ipsius

227 2248 276 2300 65.
291 2247 408 2301 Ρτὶιιιιω
426 2250 593 2303 consulatum
606 2268 691 2321 gesse·
733 2245 943 2319 descriptionem
960 2249 1002 2300 vel
1022 2247 1178 2321 deprecetur
1198 2250 1241 2301 vel

181 2338 230 2379 rat
245 2326 396 2392 Honorius,
414 2328 441 2381 h,
462 2347 486 2381 e.
505 2347 605 2381 nomen
621 2348 690 2382 anno
733 2326 868 2397 promittit
881 2328 933 2381 hoc
943 2326 1024 2380 modo
1034 2347 1041 2381 ι
1052 2330 1094 2380 Ea
1104 2348 1172 2391 uero,
1187 2348 1241 2400 quoe

182 2404 296 2460 dedant
314 2406 357 2460 vix
375 2408 491 2462 bimulus
509 2410 542 2462 Α.
560 2410 593 2463 C.
609 2408 688 2462 386:
733 2406 816 2459 Itone
832 2418 902 2476 gesta
914 2418 970 2460 sunt
982 2419 1007 2460 et
1022 2399 1151 2479 gestentur,
1173 2412 1240 2478 inge·

180 2485 231 2539 sed
244 2485 317 2558 quod
328 2490 417 2556 socienn
432 2490 549 2557 bonum
567 2493 691 2559 sumpsisse
733 2490 781 2538 niis
792 2487 951 2556 premittenda
962 2488 1076 2540 Romanis
1091 2501 1147 2540 sunt
1165 2482 1239 2559 (ipse

180 2566 227 2620 bie
239 2565 353 2633 dicitnr,
367 2565 436 2620 illud
449 2586 505 2620 non
519 2566 554 2621 ad
569 2569 690 2621 consule·
732 2565 845 2619 Pacatus
854 2579 909 2620 eret
915 2565 1017 2630 Gallus)
1030 2567 1138 2640 :qualem
1145 2579 1167 2620 te
1180 2567 1241 2620 Urbi

181 2659 252 2712 tuns,
269 2645 318 2700 sed
334 2645 370 2698 ad
387 2647 612 2700 communicatum
629 2666 691 2700 cnm
732 2644 784 2697 dies
798 2649 890 2716 primus
910 2649 1040 2710 invexerit,
1056 2651 1107 2718 quis
1128 2651 1153 2698 in
1174 2650 1241 2698 curin

179 2743 265 2795 puero
277 2725 427 2797 triumphi,
442 2725 623 2797 congiariique
636 2725 690 2780 dis·
727 2725 827 2790 fueris,
849 2729 901 2796 queis
916 2729 941 2776 in
953 2725 1064 2788 linurin
1086 2737 1113 2778 ut
1129 2746 1241 2797 pompam

181 2803 319 2858 nibnendi
331 2806 484 2870 bonorem,
492 2806 548 2876 ipse
559 2817 637 2878 poeta
648 2825 690 2859 re·
729 2807 886 2872 proeeumimn
898 2804 1043 2870 serculorwn
1063 2825 1135 2858 curru
1151 2805 1239 2876 mato,

180 2883 234 2937 fert
247 2902 256 2936 :
270 2886 385 2956 Augusti
396 2885 470 2938 enim
482 2901 581 2937 nomen
594 2898 622 2938 et
634 2884 690 2938 die·
734 2882 803 2934 modo
827 2883 927 2953 pedibus
948 2883 1123 2957 subsequutus,
1150 2887 1242 2936 alterno

178 2962 310 3016 detneilli
320 2962 398 3017 dedit
405 2962 516 3016 demum
524 2965 558 3015 A.
572 2964 626 3032 393
640 2983 691 3017 un·
734 2961 812 3013 ctam
825 2965 932 3025 incessu,
947 2981 1009 3014 nunc
1019 2965 1049 3016 de
1063 2965 1129 3016 bellis
1141 2960 1239 3028 (curru

178 3041 305 3096 decerem,
734 3039 1243 3114 invectus),nuncdesurerbin(pedibus

224 3125 272 3174 66.
286 3122 381 3174 &rens
393 3123 509 3176 smnebet.
522 3120 692 3175 Theodosius
733 3119 791 3190 ipse
799 3119 964 3184 incedendo)
974 3123 1182 3191 adimplentis-
1192 3123 1240 3172 Ro·

179 3201 353 3271 triumphus
367 3221 456 3255 oeeum
476 3199 585 3254 induxit
598 3200 692 3254 liono-
734 3217 797 3250 mum
814 3199 888 3262 vidi,
909 3200 1066 3252 Theodosium
1076 3202 1136 3252 ertit.
1146 3201 1245 3252 -Ac

178 3280 274 3344 muns,
289 3291 317 3332 et
332 3299 392 3334 cnm
411 3300 445 3334 eo
464 3281 631 3351 congiarium
647 3298 693 3352 po-
734 3297 771 3328 me
786 3279 921 3350 longinque
935 3282 1070 3332 wnoenisnt
1083 3283 1207 3342 civitates,
1225 3299 1241 3329 a

178 3360 246 3430 pulo
258 3357 341 3413 dedit.
734 3369 897 3427 »regestorum
909 3358 1015 3411 ordinem
1026 3377 1103 3410 rurum
1112 3359 1182 3412 stilles
1192 3379 1240 3411 orn·

220 3443 267 3510 67.
282 3439 362 3494 Conl‘.
379 3439 451 3507 Vll„
470 3455 533 3507 ¹²9·
734 3440 772 3488 nis
787 3439 886 3507 accipr'et
895 3457 906 3499 ,·
922 3457 939 3490 a
957 3457 992 3490 me
1009 3450 1172 3508 argumetum
1179 3459 1240 3510 poe-

221 3537 267 3587 70.
281 3519 311 3572 si
329 3517 471 3571 audiamus
486 3517 569 3570 Idecii
583 3518 691 3571 ebroni-
735 3519 784 3567 tica
791 3554 800 3578 ,
815 3535 830 3566 a
840 3515 957 3584 ntefidem
967 3519 1159 3572 sumetltistors'a.
1171 3519 1241 3571 Corn·

182 3615 252 3661 oon,
264 3609 291 3649 et
307 3597 510 3668 chronologiam
527 3598 615 3668 legnrn
632 3598 690 3650 Go-
731 3593 836 3665 perusio
848 3595 891 3647 tibi
904 3599 990 3659 istam,
1006 3598 1155 3667 inperator,
1177 3599 1240 3666 inju-

182 3674 389 3744 thobsdmm,
399 3677 482 3747 legati
494 3675 634 3729 Persarum
646 3693 689 3730 un.
735 3678 812 3736 rium;
824 3679 848 3726 si
860 3675 955 3748 quando
966 3677 996 3728 de
1007 3689 1030 3728 tc
1044 3680 1092 3746 ipse
1103 3677 1164 3727 nibil
1174 3675 1243 3726 dtu*

185 3759 244 3817 884
254 3753 327 3824 ipse,
338 3775 394 3827 quo
404 3768 485 3809 natus
496 3755 689 3818 estHonorius,
735 3757 798 3816 uns,
821 3753 887 3827 quod
910 3755 1033 3823 legendum
1054 3759 1104 3816 sit,
1127 3757 1241 3804 instruant

180 3851 299 3898 venere,
310 3853 360 3888 nec
374 3835 490 3888 Romam
509 3852 623 3899 venere,
644 3833 691 3888 sed
735 3829 896 3903 (scriptores
911 3831 1028 3904 dignos)
1043 3835 1084 3904 qui
1099 3833 1215 3900 legantur.

180 3913 442 3984 Constantinopolin.
459 3911 515 3966 Sed
528 3911 691 3967 credendum
776 3929 822 3982 7).
838 3913 946 3974 Tum,
958 3922 1138 3982 tegumentum
1149 3911 1240 3982 capitis

178 4005 219 4046 est
227 3992 430 4056 Nostrontiam
442 3995 496 4047 boc
506 4011 577 4045 enno
588 3993 690 4050 venisse
732 3991 885 4054 Persicum,
897 4008 952 4041 non
966 3988 1112 4058 abstulere,
1124 3989 1170 4044 sed
1187 4010 1239 4044 unu

176 4074 259 4138 alios,
279 4071 353 4126 ferte
374 4074 514 4128 wadone
529 4071 645 4124 victorin
664 4084 691 4124 et
735 4087 796 4120 curn
810 4067 896 4138 cupite
908 4067 1033 4121 submisere
1044 4067 1076 4123 ad
1089 4088 1174 4141 genna
1186 4071 1241 4122 lm·
1330 4057 1336 4067 ⁸
