3034 4900
283 463 356 546 124
490 462 565 531 CL
592 459 899 555 CLAUDIANI
926 463 1120 533 XXVIII.

277 594 467 662 Romanum
488 593 616 688 stupuit
635 594 770 663 Maectia
787 607 875 662 terra
894 590 1048 663 tribuual.

278 701 350 768 Nec
370 699 470 767 tantis
487 699 602 794 patria
620 698 735 769 studiis
757 699 799 768 ad
821 698 943 795 templa
961 714 1119 787 vocatus,

279 803 433 875 Clemens
444 807 574 893 Marce,
586 805 686 889 redis,
701 831 805 900 quum
819 806 969 901 gentibus
981 806 1125 901 un'dique
1139 808 1281 875 cinctam
1296 834 1336 878 us

276 912 378 979 Exuit
391 914 584 1007 Hesperiam
601 912 737 1006 paribus
755 916 903 982 Fortuna
922 911 1062 1009 periclis.

278 1019 368 1086 Laus
388 1017 434 1085 ibi
453 1016 543 1087 nulla
557 1017 678 1087 ducum
695 1044 703 1087 ε
723 1043 802 1087 nam
823 1018 994 1087 flammeus
1016 1018 1121 1087 imber
1137 1018 1171 1087 in
1188 1018 1318 1087 bostem

278 1123 430 1193 Decidit:
452 1124 542 1194 hunc
562 1123 662 1194 dorso
676 1124 843 1220 trepidum
862 1125 1052 1195 flammante
1067 1125 1192 1195 ferebat

277 1229 458 1298 Ambustus
480 1232 636 1325 sonipes:
656 1230 711 1300 bic
728 1231 916 1301 tabescente
937 1230 1062 1300 solutus

278 1336 424 1405 Subsidit
441 1334 556 1432 galea3
577 1334 818 1432 liquefactaque
840 1336 969 1432 fulgure
991 1339 1101 1433 cuspis
1297 1360 1336 1409 ³⁴⁵

278 1441 444 1526 canduit,
461 1457 495 1511 et
514 1443 629 1513 subitis
650 1444 774 1513 fluxere
795 1445 972 1539 vaporibus
989 1468 1093 1513 enses.

276 1549 370 1617 Tune
391 1562 547 1619 contenta
567 1548 646 1644 polo
663 1548 811 1620 mortalis
826 1552 937 1621 nescia
957 1548 1013 1619 teli

278 1654 393 1747 Pugna
408 1653 471 1724 fuit
486 1682 496 1743 3
514 1654 670 1726 Chaldaea
686 1681 785 1751 mago
805 1680 863 1725 seu
880 1657 1028 1726 carmina
1046 1655 1111 1724 ritu

278 1759 457 1829 Armavere
478 1764 591 1851 Deos;
611 1787 689 1848 seu,
703 1762 794 1857 quod
810 1788 900 1851 reor,
920 1786 1018 1833 omne
1033 1760 1193 1831 Tonantis

275 1865 481 1960 Obsequium
497 1869 603 1938 Marci
621 1894 731 1938 mores
751 1883 889 1964 potuere
911 1869 1041 1938 mereri.
1298 1894 1341 1935 κει,

279 2048 410 2117 peratoris
418 2050 523 2103 romani
532 2048 787 2123 obsederuutllyps·
830 2049 1339 2122 niacordatioressentiant,quamquar

282 2128 339 2191 niu,
347 2126 459 2182 fluvium
469 2129 595 2203 Scythias,
604 2128 633 2183 id
641 2142 692 2193 est,
701 2148 786 2201 quum
830 2130 984 2201 persuaderi
995 2130 1045 2183 sibi
1056 2148 1131 2203 passa
1141 2142 1180 2184 est
1190 2131 1234 2201 pis
1245 2128 1340 2183 credu-

281 2207 431 2277 Imperatcr
442 2209 506 2263 vicit
519 2210 591 2281 ipsos
606 2209 721 2281 Scythis
735 2228 788 2283 pc·
830 2212 900 2265 litus.
909 2209 1151 2265 VidDioReimar.
1160 2210 1262 2275 LXXI,
1271 2212 1297 2264 8.

281 2287 368 2358 pulos.
386 2288 496 2342 fluvius
512 2301 600 2343 autem
614 2289 659 2343 ille
673 2290 702 2342 in
716 2290 788 2342 Pon·
873 2293 940 2355 342.
950 2288 1034 2344 Modo
1042 2304 1145 2363 partem
1151 2290 1259 2343 celestis
1267 2290 1341 2345 arusi-

281 2380 339 2419 turn
354 2366 491 2421 Euxinum
510 2367 682 2422 devolvitur:
704 2381 743 2422 est
762 2380 789 2421 et
831 2370 862 2422 lii
877 2370 973 2424 Noster
984 2384 1113 2423 memorat
1129 2369 1274 2422 terribilem
1289 2370 1340 2423 ho·

282 2446 349 2500 alter
362 2448 496 2520 Hypanis,
509 2448 595 2504 ludius
607 2450 723 2514 fluvius,
741 2449 789 2520 qui
830 2449 933 2516 stibus3
946 2462 1015 2504 tacet
1026 2449 1061 2502 de
1071 2450 1160 2520 pluvis
1174 2448 1274 2502 sitienti
1284 2452 1340 2502 Rc·

282 2525 403 2599 Hydaspi
422 2531 596 2600 conjunctus,
615 2548 676 2582 cum
695 2527 741 2580 illo
759 2529 786 2580 iu
831 2546 971 2582 manorum
988 2529 1113 2582 exercitui
1128 2525 1238 2580 indulta.

281 2605 379 2660 Indum
393 2606 504 2662 fluvium
517 2628 545 2661 se
559 2620 692 2662 exonerat.
873 2605 939 2671 344.
955 2609 1082 2660 Tabucci-s
1091 2608 1135 2661 hic
1146 2619 1185 2659 est
1193 2607 1338 2678 liquescere

324 2687 388 2742 338.
400 2687 684 2760 Stupus'metusliber,
693 2687 786 2752 tribuit,
831 2688 865 2739 ab
878 2685 940 2758 igne
952 2698 979 2740 et
991 2685 1108 2740 dissolri.

283 2777 316 2816 ut
324 2765 443 2819 tribunal
455 2765 588 2822 indicetur
597 2769 748 2822 confectum
756 2785 797 2820 ex,
873 2765 939 2830 346.
951 2767 980 2818 V
976 2785 1059 2836 aporos
1068 2766 1112 2819 hic
1120 2764 1154 2819 de
1162 2765 1338 2820 vehementis·

282 2843 426 2914 cespitibus
447 2845 578 2900 Maeoticis
597 2847 694 2913 fuisse,
715 2845 790 2917 quod
833 2845 1278 2918 sirnoiguelulminis,quolerruru
1287 2844 1340 2899 dis·

284 2921 455 2978 historicum:
468 2921 517 2977 sed
525 2929 618 2996 stupuit
628 2927 749 2999 praefero.
832 2925 898 2979 sclri
910 2937 1005 2998 potest.

330 3002 397 3066 340.
419 3003 547 3058 Clementis
566 3006 652 3077 elogio
669 3005 790 3058 Marcum
875 3005 941 3077 347.
957 3005 1069 3060 Mortalis
1086 3009 1164 3057 nescia
1183 3005 1224 3056 teli
1237 3023 1337 3076 pagara,

284 3082 422 3159 Aurelium
432 3083 792 3157 bonorauqussrirtusama·
834 3082 1343 3158 quiaculestis‚etaDecimmissaidec·

283 3161 351 3215 biles
363 3175 391 3216 et
401 3163 528 3234 gratiosos
541 3163 640 3218 reddit.
656 3165 691 3218 Et
703 3177 792 3218 tamen
834 3184 886 3237 que
894 3177 1017 3219 contenta
1023 3165 1097 3229 culo,
1102 3161 1174 3218 unde
1182 3165 1293 3218 fulmina
1299 3165 1339 3218 vi·

284 3242 390 3312 praelert
408 3243 449 3296 illi
466 3243 517 3298 bac
537 3242 616 3299 laude
631 3245 791 3298 Honorium.
835 3246 946 3298 brantur
955 3245 1098 3316 ingratiam
1110 3245 1324 3298 christianorum.

286 3352 320 3363 -
338 3319 381 3374 Ad
396 3323 626 3378 Marcomanorum
641 3337 669 3378 et
682 3323 793 3390 Quadc·
876 3322 1341 3395 348.Arnupbinmagumncminavit

284 3418 344 3453 mm
353 3414 469 3468 motum,
480 3404 525 3456 alii
535 3405 632 3476 passim
640 3405 747 3476 populi,
758 3406 792 3458 ab
834 3403 901 3468 Dic,
916 3405 1044 3457 refutatus
1057 3423 1073 3456 a
1086 3403 1226 3476 Xipbilino
1238 3403 1256 3455 l.
1271 3419 1340 3454 c.—

284 3479 387 3553 Illyrici
404 3482 491 3535 limite
510 3502 595 3556 usque
614 3485 642 3537 in
659 3484 792 3550 Galliam,
836 3481 954 3536 claues
972 3503 1062 3554 mago,
1083 3501 1130 3536 seu
1148 3482 1342 3536 incantamenta

285 3578 414 3615 resnovas
420 3561 793 3617 moliebantur.Victcriabaac
835 3561 965 3616 Chaldaeis
978 3563 1139 3617 carminibus
1149 3561 1244 3615 similia
1256 3579 1341 3613 arma-

286 3642 595 3714 est,quachviPluvic
605 3643 728 3696 tribuisse
736 3662 793 3696 cre·
834 3654 899 3695 runt
906 3643 998 3696 celum
1009 3681 1016 3708 ,
1028 3643 1071 3696 vel
1082 3642 1170 3714 potius
1181 3640 1265 3711 pietas
1275 3641 1343 3694 cbri-

286 3719 369 3775 dibile
377 3735 417 3776 est
424 3721 545 3795 gentiles,
554 3724 629 3793 cujus
640 3723 720 3774 etiam
729 3722 793 3774 ima·
833 3722 980 3775 stianorum
989 3721 1018 3775 id
1028 3721 1124 3776 effecit.
1134 3721 1197 3773 Non
1208 3721 1280 3773 enirn
1289 3739 1343 3774 rna·

286 3819 320 3868 gc
337 3802 420 3855 estin
437 3801 566 3855 Columna
584 3800 715 3854 Antonini
730 3801 792 3868 Pii;
835 3801 900 3874 gicis
921 3802 1081 3855 carminibus
1102 3797 1245 3853 tribuenda
1264 3811 1343 3864 sunt,

286 3877 491 3935 christianorum
517 3881 640 3954 precibus
666 3881 793 3953 impetra·
836 3899 893 3954 quas
905 3879 997 3934 divino
1008 3881 1137 3934 miraculo
1149 3892 1211 3933 suut
1222 3892 1341 3952 peractae

287 3965 357 4018 ¹³¹⁰,
376 3963 460 4014 nostri
477 3961 590 4016 credunt
608 3980 665 4015 non
680 3961 792 4032 injuria:
883 3961 949 4014 350.
971 3962 1134 4034 Obsequium,
1157 3961 1231 4032 quasi
1251 3961 1342 4012 caelum

286 4034 349 4087 licet
355 4033 390 4087 de
399 4037 586 4097 Fulminatuice
597 4043 715 4114 legione,
723 4054 750 4095 et
759 4040 794 4095 de
836 4041 1025 4114 obsequeretur
1034 4041 1142 4106 sanctis,
1152 4053 1182 4094 ut
1191 4038 1285 4100 Helias,
1296 4037 1342 4088 Pe·

288 4113 371 4166 literis
384 4111 417 4168 ad
431 4131 548 4172 senatum
562 4121 661 4187 Marci,
673 4123 722 4175 alia
737 4141 794 4176 our·
837 4133 894 4185 tro,
905 4133 932 4176 et
941 4121 1004 4176 aliis.
