3034 4900
247 485 298 556 ’ὃ
518 485 591 564 CL,
620 478 920 550 CLAUDIANI
947 479 1093 562 XXIV.

315 623 443 690 externi,
461 620 575 696 sibyttae
597 615 750 698 praedicta,
765 629 799 691 xet
815 620 916 688 Numae
937 616 1090 694 religiones
1108 621 1229 686 Romani
1247 629 1334 676 tuen·
1403 641 1406 644 ·

317 741 381 800 tur3
402 725 567 800 ubl-173.
590 728 712 784 Romam
733 722 823 810 artnig
836 721 964 800 protegit
981 721 1121 794 Stilicho,
1135 721 1217 798 ouius
1235 743 1335 788 reeens

316 847 400 908 natus
414 831 574 902 Eucherius
589 831 620 888 in
632 840 710 906 reste
723 846 901 914 purpureaa
914 839 997 906 patre
1011 839 1148 904 exceptus
1162 841 1221 898 est;
1239 835 1336 899 174—

325 938 390 996 181.
407 941 475 996 Non
488 937 616 1014 ingratus
633 944 728 991 autem
742 933 889 1011 populus,
904 945 938 1003 ut
950 953 987 993 ex
1000 932 1151 999 annalibus
1165 945 1265 1011 patet3
1285 931 1338 1009 qui

320 1063 425 1123 nempe
439 1041 588 1101 dominum
599 1052 771 1120 patremque
784 1052 869 1101 vocat
879 1023 1082 1111 stilichonein,
1095 1053 1127 1101 et
1138 1038 1267 1098 laetitiam
1279 1056 1338 1096 nta-

323 1168 380 1227 gno
392 1166 534 1232 consensu
549 1145 678 1226 profert,
694 1165 753 1213 nou
769 1143 916 1211 invidente
931 1144 1080 1231 libertate!
1093 1165 1144 1208 seu
1158 1145 1188 1207 in
1201 1143 1338 1215 theatris,

320 1254 351 1312 iu
372 1253 465 1326 circo,
484 1252 515 1327 in
529 1250 647 1324 rostris,
666 1250 696 1308 in
709 1249 848 1323 tribunali
862 1249 987 1329 prodeat
999 1251 1116 1321 conarri,
1129 1269 1181 1314 seu
1193 1249 1288 1307 vietor
1301 1245 1339 1304 ab

322 1357 405 1418 hoste
419 1356 536 1440 redeat3
555 1357 719 1424 illa-not.
733 1360 856 1414 Invocat
867 1369 955 1434 poeta
961 1356 1133 1430 viatorium,
1146 1367 1179 1413 ut
1193 1355 1224 1417 in
1236 1373 1341 1432 perpe·

325 1470 406 1522 tuuni
427 1461 502 1522 adsit
519 1461 621 1532 Latio,
641 1473 669 1520 et
688 1473 782 1519 castra
801 1460 968 1525 Stilichonis
988 1473 1143 1538 sequatur,
1162 1459 1214 1538 qni
1236 1475 1342 1534 nempe

324 1587 472 1646 nunquam
489 1566 599 1642 saeuitia
616 1566 647 1624 in
662 1566 770 1638 victos,
786 1563 922 1644 superbia
936 1565 967 1622 in
984 1565 1060 1623 cives
1074 1576 1105 1623 et
1118 1577 1229 1622 terrore
1242 1579 1342 1621 armo-

323 1691 388 1745 rum
405 1669 567 1748 triumphos
585 1670 751 1743 foedaverit,
765 1684 799 1728 ut
816 1683 917 1729 contra
934 1691 965 1730 se
980 1689 1079 1729 amore
1093 1669 1198 1749 populi
1211 1681 1342 1737 tueatur3

325 1777 490 1842 tob-aaa.
504 1775 645 1836 Liberalis
656 1776 743 1834 etiam
754 1788 784 1834 et
793 1776 976 1854 magnificus,
985 1775 1125 1838 militibus
1137 1777 1267 1853 ingentes
1279 1773 1344 1832 auri

326 1901 450 1964 summas
467 1883 586 1960 largitus
601 1895 659 1954 est;
672 1882 839 1942 sos-236.
856 1882 948 1940 Diana
961 1881 1061 1940 volens
1074 1880 1237 1959 spectatula
1250 1899 1269 1936 a
1282 1876 1344 1938 Sti-

325 1985 440 2046 lichone
456 1987 523 2059 data
542 1988 611 2054 feris
630 1985 777 2046 nobilibus
791 1986 952 2058 illustrari,
967 1999 1109 2059 conuocat
1125 1985 1268 2062 nymphas
1283 1995 1344 2042 ter-

327 2107 460 2177 centunr,
475 2107 504 2152 et
519 2105 629 2173 septem
645 2112 745 2164 earum
762 2091 868 2165 duces,
889 2113 925 2152 ex
938 2093 1014 2170 jugis
1026 2093 1162 2170 Taygeti,
1177 2104 1208 2155 et
1221 2087 1346 2167 Cynthi,

328 2211 357 2262 ¹et
382 2197 515 2258 litoribus
537 2197 663 2264 Ladonis
685 2199 715 2255 iu
739 2198 863 2259 insulam
885 2199 1004 2270 Delum,
1030 2197 1081 2260 ubi
1102 2219 1151 2259 eas
1173 2197 1346 2274 alloquium

328 2303 493 2374 237-261.
508 2303 610 2384 Oratio
621 2303 721 2384 Dianae
731 2347 739 2376 ,
750 2291 810 2380 qua
820 2303 973 2382 profitetur
984 2323 1014 2363 se
1026 2305 1101 2377 velle
1112 2306 1235 2371 battare
1247 2301 1348 2379 Libyae
1452 2368 1455 2375 ,

274 2393 281 2408 ”
327 2407 458 2495 deserta,
472 2405 624 2491 comitibus
636 2407 696 2487 Opi
707 2421 736 2466 et
746 2413 884 2485 Lyeaste,
899 2422 933 2468 ut
943 2411 1024 2469 vivas
1038 2411 1134 2488 capiat
1148 2409 1223 2489 feras
1237 2409 1268 2474 itt
1284 2428 1349 2487 spe·
1433 2453 1435 2455 ψ

328 2514 471 2597 etatulurn
483 2532 500 2571 a
510 2510 670 2581 Stilichone
683 2514 846 2587 edendum
861 2528 1034 2593 caeterasque
1044 2516 1135 2587 socias
1145 2513 1229 2592 jubet
1240 2514 1271 2571 in
1282 2518 1347 2591 Eu-

330 2637 404 2698 ropa
419 2637 518 2693 arcere
534 2618 608 2676 fetas
621 2636 639 2685 a
654 2617 825 2696 pecoribus,
836 2634 870 2683 nt
884 2635 1015 2699 pastores
1030 2623 1124 2680 securi
1134 2634 1239 2679 canam
1252 2621 1348 2678 fistula

331 2724 539 2795 Stilichonem
558 2724 723 2799 apa-abt.
745 2729 807 2783 Dea
824 2726 975 2787 invehitur
997 2745 1084 2788 curm
1091 2768 1101 2798 ‚
1122 2744 1210 2803 quem
1231 2724 1349 2783 trabunt

277 2836 282 2847 '
330 2827 408 2912 cervi
427 2827 503 2899 albi,
520 2846 586 2901 ourp
599 2828 709 2898 retibus
727 2842 756 2887 et
773 2830 913 2907 molossis.
929 2832 1064 2909 Quinque
1081 2830 1145 2891 alies
1162 2830 1252 2889 dnoes
1263 2848 1348 2908 nym-

332 2933 455 3015 pharum
473 2933 601 3007 diversas
622 2946 842 3013 petuutpaues
857 2956 923 2997 oum
940 2937 1060 2997 canibus
1076 2938 1169 2995 omnis
1188 2935 1300 3013 generis
1320 2948 1350 2992 et

330 3039 465 3117 reponis.
493 3036 623 3107 Tandem
647 3040 782 3111 animalia
805 3061 994 3121 quaecumue
1015 3043 1138 3120 insignia
1156 3043 1187 3100 in
1208 3042 1296 3118 sylvis
1320 3054 1351 3099 et

331 3140 477 3215 montibus
492 3143 658 3220 capiuntur,
675 3156 705 3213 et
719 3145 787 3203 viva
799 3144 831 3202 in
846 3146 957 3219 cereis,
970 3146 1007 3209 ad
1019 3148 1213 3225 spectaculum
1227 3146 1350 3205 navibus

332 3245 501 3333 trabunturg
526 3246 692 3308 285-332.
717 3250 813 3312 Diana
831 3250 912 3327 eligit
930 3252 1028 3313 leones
1045 3265 1076 3311 et
1092 3253 1202 3332 pardos
1220 3272 1350 3331 quosque
1431 3266 1445 3276 “

330 3351 486 3427 maximos,
500 3370 566 3429 eum
583 3352 718 3426 (lentibus
734 3354 973 3441 elephantorum,
991 3369 1021 3417 et
1035 3356 1097 3415 bno
1114 3359 1211 3417 omnia
1228 3356 1351 3416 navibus

318 3453 471 3539 luponio
487 3456 653 3535 sss—³⁶9-

292 3720 452 3871 Qunu
474 3768 587 3864 populi
606 3770 743 3865 plausu,
763 3797 940 3867 procerum
958 3802 1058 3871 quom
1076 3803 1157 3847 vooe
1174 3780 1327 3872 petebas,

289 3876 449 3967 Adspice,
466 3878 589 3959 Roma,
603 3879 733 3951 virum:
750 3880 817 3971 jum
837 3894 987 3976 tempora
1009 3882 1120 3952 desine
1141 3882 1248 3978 longas

325 4082 362 4133 N·
372 4080 402 4133 B.
413 4082 545 4153 Panegyris
557 4085 606 4138 ulia
619 4089 643 4135 iu
655 4086 736 4161 ζαιιρζω
743 4082 800 4141 Stil.
845 4086 901 4141 Sat
915 4088 992 4151 Vien.
1012 4089 1069 4141 Bas.
1090 4091 1163 4143 Clau.
1185 4092 1256 4143 Liber
1272 4095 1355 4143 tertius

286 4160 347 4217 Vie.
360 4160 434 4213 lunt.
446 4158 581 4231 Panegyris
597 4168 666 4213 tertia
680 4167 704 4214 in
717 4165 801 4215 'lauda
846 4164 875 4216 do
884 4166 949 4219 laud.
962 4168 1017 4219 Sul.
1029 4168 1088 4222 Ald.
1102 4170 1186 4221 Plant.
1320 4155 1323 4161 Ι
