3034 4900
488 411 558 480 DE
586 412 761 478 BELLO
785 413 995 485 GETICO.

164 543 362 636 Ingentes
378 543 547 636 geminant
568 541 758 612 discrimina
778 567 900 638 magna
918 547 1111 640 triumphos.

163 647 282 736 Quid
315 664 430 744 turpes
446 649 516 741 jam
535 663 646 718 mente
667 647 777 743 fuges,
798 650 878 743 quid
899 650 1028 721 Gallica
1048 679 1126 723 rura

165 755 394 848 Respicitis,
416 755 580 848 Latioque
596 753 676 826 libet
692 771 770 850 post
784 769 878 851 terga
896 755 1012 828 relicto

165 861 440 956 Longinquum
463 861 612 955 pmlirgis
635 863 755 935 Ararin
773 865 976 959 praecingere
997 867 1131 936 castris?

165 965 349 1056 Scilicet,
363 968 494 1038 Arctois
511 991 666 1038 concessa
684 967 837 1062 gentibus
851 970 959 1056 Urbe,

168 1073 359 1143 Confidet
377 1098 519 1169 regnum
536 1073 723 1161 Rhodano,
744 1076 908 1169 capitique
925 1092 1091 1172 superstes
1226 1108 1267 1146 ³0.

166 1183 352 1250 Truncus
373 1179 461 1250 erit?
476 1195 604 1250 vestros
626 1179 796 1251 stimulant
815 1182 843 1250 si
857 1173 1000 1277 pignora
1018 1209 1150 1275 sensus,

169 1287 242 1355 Me
263 1311 407 1384 quoque
421 1311 491 1356 non
509 1287 618 1381 impar
634 1301 760 1358 naturae
775 1312 855 1358 cura
872 1290 1047 1360 remordet.

167 1393 261 1462 Nec
287 1394 378 1462 ferro
397 1395 443 1462 sic
458 1393 560 1463 cord-a
574 1395 699 1488 rigent,
715 1407 752 1462 ut
768 1419 865 1464 nosse
876 1421 1044 1485 recusem,

172 1499 309 1588 Quam
326 1513 480 1570 sanctum
495 1501 602 1570 soceri
620 1524 758 1582 nonren,
779 1525 878 1594 quam
900 1501 998 1572 dulce
1017 1507 1145 1592 mariti,
1244 1526 1246 1537 ·

172 1607 351 1694 Quantus
368 1603 472 1699 prolis
487 1629 602 1675 amor:
621 1606 679 1676 sed
696 1631 877 1700 numquam
895 1607 998 1679 oblita
1018 1610 1146 1682 decoris
1225 1642 1262 1678 aa

175 1712 398 1782 obscoenam
412 1711 574 1782 latebram
590 1715 693 1806 pietas
708 1714 827 1806 ignava
842 1714 1009 1808 requiret:

177 1819 266 1889 Nec
291 1819 388 1888 vobis
414 1818 510 1888 fortis
533 1821 695 1902 monitor,
719 1818 800 1894 milti
823 1821 950 1900 cautior
973 1825 1040 1893 uni.

178 1925 258 1994 Hic
277 1927 416 2019 conjux,
437 1925 494 1994 bic
512 1927 704 2020 progenies,
721 1924 777 1996 hic
798 1928 906 1996 carior
922 1931 1013 1999 omui

180 2031 285 2100 Luce
303 2056 427 2126 gener:
449 2055 526 2126 pars
547 2029 637 2102 nulla
663 2035 726 2100 mei
749 2031 912 2102 subducta
933 2033 1094 2126 procellae.

188 2139 318 2232 Accipe
338 2153 376 2205 tu
390 2152 532 2222 nostrae,
553 2136 650 2206 tellus
672 2139 858 2224 OEnotria,
876 2140 994 2207 mentis
1219 2171 1258 2207 a.

191 2242 341 2312 Vincula
359 2267 547 2314 communes
564 2259 674 2313 tecum
691 2243 865 2313 subeuntia
889 2267 1003 2331 casus,

232 2445 298 2515 295.
310 2443 449 2501 cmc.
459 2445 614 2505 Periculum
622 2458 702 2516 auget
787 2443 852 2499 306.
876 2415 986 2498 Obscura
1000 2444 1105 2508 htebra,
1125 2448 1210 2519 turpis
1229 2462 1256 2502 et

188 2526 321 2597 triumphi
332 2524 464 2597 gloriam,
478 2526 533 2577 imo
545 2523 674 2595 duplicat.
745 2523 872 2595 pudenda
888 2543 896 2577 :
907 2529 987 2594 pietas
1001 2526 1104 2593 agnava,
1120 2544 1193 2587 amor
1207 2530 1254 2598 qui

225 2607 294 2675 298.
314 2608 434 2669 Armua,
455 2606 537 2675 vulgo
556 2606 582 2657 ta
602 2605 698 2668 Saone,
744 2622 800 2660 nou
820 2603 902 2667 audet
924 2622 1058 2675 pugnare,
1076 2617 1103 2658 et
1117 2606 1203 2660 facere
1223 2626 1252 2662 ac

184 2682 298 2739 fluvium
312 2684 421 2750 Gallim,
434 2686 482 2756 qni
496 2685 525 2739 iu
539 2682 700 2737 Rhodanum
744 2683 801 2755 pati
811 2683 900 2739 omnia
908 2703 959 2756 pro
970 2684 1013 2737 his
1024 2684 1072 2755 qui
1082 2698 1211 2740 amantur.

181 2765 282 2819 influit.
291 2794 336 2807 -·-
344 2765 460 2835 Pmsuga
469 2776 561 2829 mua,
572 2762 632 2836 'quae
641 2777 700 2835 post
785 2760 851 2834 307.
864 2763 973 2817 Cauts'or.
985 2765 1047 2816 Non
1059 2782 1108 2837 ego
1117 2784 1165 2819 vos
1176 2785 1254 2836 genc-

181 2844 271 2919 iugam
284 2844 511 2899 trmslerumura
524 2842 612 2897 media
624 2843 699 2898 Italia
742 2860 802 2909 roae
822 2844 957 2911 monebo,
977 2843 1115 2915 mihiipsi
1137 2845 1252 2899 nimium

181 2923 699 2998 adripssllbotlani:proeoiagsre,velut
741 2940 846 2979 caveas

183 3016 270 3077 toga-e
280 3018 310 3059 et
323 3017 451 3076 tanquam
460 3004 659 3075 visurumque
669 3022 698 3057 re
783 3002 849 3058 308.
864 3004 939 3055 Omni
948 3003 1013 3063 luce,
1026 3002 1054 3053 b.
1069 3020 1091 3054 e.
1103 3004 1158 3055 vita
1172 3010 1251 3056 carior

180 3086 288 3139 mir:
300 3103 332 3137 sc
344 3085 427 3139 tueri.
739 3101 814 3150 gener
823 3082 975 3144 Honorius,
987 3081 1034 3153 qui
1048 3101 1104 3133 non
1123 3083 1157 3134 sit
1186 3102 1250 3135 ener

224 3165 290 3218 30⁰.
301 3165 430 3218 modam.
444 3163 553 3217 Alarico
563 3182 638 3233 agros
650 3181 696 3234 pe·
740 3174 862 3224 tantum,
874 3160 922 3214 sed
934 3158 1006 3213 idem
1021 3173 1150 3213 terrarum
1162 3102 1248 3215 (iomi-

177 3245 248 3299 tenti
258 3244 401 3297 Honorius
410 3243 525 3298 Galliam
538 3242 674 3295 concessit.
740 3259 791 3295 uus
806 3254 833 3293 et
847 3242 1003 3313 Imperator.
1019 3240 1107 3294 Partes
1120 3244 1159 3292 sui
1172 3254 1249 3294 vocat

216 3324 283 3379 3⁰1.
308 3325 422 3378 Truncus
443 3327 509 3387 erit5
529 3322 613 3376 ironia
634 3334 692 3375 est:
738 3312 1246 3391 pecuariosquosjamindicaviuscil.

173 3406 251 3476 quasi
273 3403 399 3468 diceret,
421 3422 456 3455 aa
476 3404 562 3457 Roma
577 3402 717 3487 neglecta⁸
739 3418 865 3465 uxorem,
876 3400 995 3453 sobolem
1005 3409 1032 3451 et
1042 3417 1178 3471 generum.

172 3497 341 3539 statum
356 3482 465 3553 imperii
476 3496 558 3553 caput
572 3480 605 3535 ad
620 3481 693 3535 Rbo-
778 3480 841 3533 310.
851 3480 940 3534 Moab
948 3480 1054 3533 emmila.
1064 3480 1155 3550 nisce,
1164 3499 1181 3533 o
1191 3482 1245 3531 Ita·

176 3562 294 3617 &numi
310 3582 347 3617 nn
369 3564 459 3635 capite
473 3563 692 3619 exstinctotruu·
735 3560 894 3630 lia,quanta
907 3558 1074 3612 sintviucula
1083 3559 1179 3613 amoris
1194 3579 1243 3612 no·

177 3662 225 3695 eus
240 3642 336 3697 viaet?
354 3644 445 3715 Caput
460 3642 545 3695 Roma
566 3652 622 3704 est,
641 3658 690 3693 cm·
734 3639 862 3709 aitqua
872 3638 989 3693 efficient
997 3650 1028 3691 ut
1036 3652 1123 3691 tecum
1135 3637 1244 3689 subeam

179 3736 241 3777 tera
249 3724 396 3794 pruvincia
409 3736 538 3777 truncum
548 3722 675 3775 referunt.
734 3736 930 3790 quemcumque
945 3736 1042 3772 casum.
1060 3716 1177 3769 Tantum
1196 3715 1244 3768 de-

222 3802 284 3855 302.
298 3806 406 3859 Natum
418 3822 498 3868 cura,
515 3820 596 3873 quarn
610 3798 691 3861 dictat
734 3798 912 3853 fendemuros
926 3795 1072 3868 paulisper,
1086 3808 1113 3846 et
1120 3814 1170 3865 ego
1179 3815 1243 3850 mox

173 3886 444 3947 mamuralia:
456 3895 489 3937 ut
498 3900 690 3945 rossemanni,
732 3877 849 3943 redibo,
868 3896 930 3930 cum
950 3874 1079 3945 expeditis
1099 3874 1242 3939 militibus,

168 3982 230 4015 non
248 3966 373 4031 sentium,
389 3965 436 4017 vel
453 3961 599 4033 reprimam
613 3960 689 4015 illurn
732 3958 834 4012 tamtus
860 3955 986 4007 auxilium
1012 3964 1105 4007 contra
1129 3954 1241 4009 Gothos.

165 4040 688 4115 namnumaopistttemiumeos.
781 4037 848 4089 311.
869 4033 1008 4087 subeuntia.
1030 4034 1192 4106 Tempestati
1215 4047 1244 4086 et

1010 4140 1056 4212 5.
