3034 4900
284 452 361 541 314
543 461 616 528 CL.
646 460 949 530 CLAUDIANI
977 462 1079 528 XLI.
1194 487 1195 492 ¹

202 662 208 671 ,
335 591 380 658 Et
397 604 504 660 tantas
524 593 591 660 oris
609 592 705 685 eopia
723 593 827 664 vineit
845 616 935 687 opes.

281 696 335 765 An
355 705 467 784 rarut,
486 699 543 792 qui
564 700 686 792 scripta
706 698 813 767 ferat?
831 702 911 793 quin
931 713 1079 794 tempore
1098 698 1188 768 nullo

335 805 474 873 Cessent
490 803 655 875 Flaminiae
672 803 901 900 pulverulenta
917 808 990 874 viae.

283 910 396 997 Quum
419 909 500 979 fluat
520 913 705 1005 ingenium,
723 931 827 1006 quum
849 913 891 981 sit
911 915 968 1008 qui
986 912 1074 981 dicta
1092 927 1257 1010 reportet,

334 1016 436 1103 Quae,
454 1018 517 1086 nisi
534 1031 743 1106 contemnor,
759 1042 876 1087 caussa
893 1017 1007 1088 relicta
1023 1017 1106 1087 tibi?

282 1123 434 1216 Despicis
453 1147 533 1218 ergo
555 1137 668 1209 tuum,
691 1127 718 1193 si
737 1124 787 1194 fas
806 1139 856 1194 est
877 1124 1030 1211 credere,
1046 1139 1173 1210 vatein3

332 1227 481 1302 Perfidus
500 1244 534 1298 et
551 1233 657 1324 spatio
678 1229 868 1300 debilitatur
887 1230 1002 1300 amor?

280 1334 514 1404 Excidimusne
535 1335 616 1404 tibi?
633 1335 740 1406 lucem
755 1338 825 1432 jam
843 1336 965 1406 condet
981 1336 1167 1431 Hydaspes,

332 1443 377 1508 Et
392 1442 613 1526 Tartessiaco,
635 1443 709 1528 Sol,
729 1445 835 1513 oriere
853 1443 958 1512 vado:

281 1546 465 1618 Candescet
486 1551 612 1619 Geticis
630 1552 746 1620 Meroe
765 1573 925 1620 conversa
941 1550 1083 1644 pruinis,

332 1651 495 1748 Claraque
512 1681 548 1724 se
564 1658 666 1726 vetito
682 1655 816 1752 proluet
831 1660 919 1727 Ursa
938 1656 1022 1726 inari
1039 1682 1046 1722 :

278 1761 322 1827 Et
340 1761 365 1828 si
382 1760 451 1853 jam
471 1777 602 1832 nostros
620 1763 746 1833 fastidit
766 1763 923 1860 Olybrius
943 1764 1054 1856 ignes,

332 1868 472 1936 Constat
490 1872 664 1938 Oresteam
685 1869 731 1939 nil
749 1871 889 1940 valuisse
907 1869 1015 1938 fidem.
1045 1931 1047 1935 .

278 1973 386 2060 Quin,
407 1999 486 2068 age,
506 2001 623 2071 rumpe
643 2003 773 2065 moras,
792 1991 1097 2070 remoraturasque‚
1116 1973 1260 2044 sodalem

307 2171 311 2176 .
328 2080 456 2150 Absens
478 2082 609 2178 eloquio
629 2083 786 2153 fertiliore
806 2083 898 2153 doce.

268 2300 376 2363 fatetur,
387 2300 485 2354 omisso
495 2300 786 2365 se.-Credere,Rott.
832 2299 980 2354 affectanda
1005 2312 1092 2352 morte
1119 2298 1235 2362 vicarie,
1255 2316 1339 2370 quum

277 2377 348 2429 Flor.
360 2379 421 2434 Pur,
433 2394 548 2443 meretur,
563 2379 665 2434 Buslid.
830 2379 922 2434 Dianae
935 2379 1055 2432 Taurica
1070 2390 1137 2431 esset
1151 2379 1185 2430 ab
1201 2375 1338 2451 Iphigenia

317 2448 351 2512 ds
367 2462 417 2511 Via
436 2463 561 2515 Flaminia
577 2480 715 2534 nunquam
728 2480 784 2514 non
830 2462 957 2515 alteruter
971 2457 1135 2514 mactandus.
1147 2458 1212 2512 Vid.
1228 2459 1337 2531 Euripi·

277 2539 465 2609 pulverulenta
478 2555 517 2595 est
530 2562 545 2594 a
558 2542 691 2595 viatorum
703 2554 730 2595 et
739 2544 783 2613 ju·
827 2540 869 2595 dis
886 2540 1026 2613 tragoedia,
1042 2542 1167 2611 Iphigenia
1181 2544 1205 2591 in
1222 2540 1316 2591 Tauris.

276 2634 429 2674 mentorum
448 2636 535 2676 motu.
548 2624 623 2676 Alter
635 2641 699 2693 ergo
715 2623 783 2677 ami·
871 2642 913 2691 ¹9·
933 2623 1166 2691 Remomturruque,
1188 2619 1292 2673 Claver.
1310 2630 1336 2671 et

274 2718 367 2752 eorum
383 2702 411 2753 in
426 2703 487 2755 aula
502 2716 559 2755 tom
578 2704 658 2755 luisse
673 2700 782 2755 videtur
825 2702 916 2754 Heins.
937 2720 968 2753 ex
981 2699 1056 2753 MSS.
1071 2711 1263 2771 mutaturusque,
1278 2696 1333 2751 MS.

269 2772 420 2832 'Mediolani
434 2783 476 2834 vel
488 2782 634 2848 Ravennae,
647 2783 713 2836 alter
727 2784 781 2833 Ro·
825 2783 1005 2853 solaturusque,
1021 2792 1248 2851 memoratumque,
1263 2782 1335 2829 miru-

275 2877 332 2911 mas.
346 2860 397 2914 via
411 2860 540 2914 Flaminia
550 2862 585 2915 ab
594 2863 670 2915 Urbe
681 2862 780 2915 Arimi·
827 2874 946 2933 taurusque,
953 2860 1029 2913 MSS.
1040 2861 1251 2930 Recreaturusque,
1264 2858 1333 2927 conj.

274 2956 340 2990 num
354 2958 436 3010 usque
448 2940 608 3011 pertinebat.
825 2942 918 2995 Barth.
929 2940 1110 3011 destitutumque
1121 2938 1255 2993 sodalem...
1262 2938 1332 2999 doce,

273 3037 278 3051 ·
317 3018 361 3072 13.
374 3020 545 3073 Pervertetor
562 3040 654 3074 rerum
668 3033 780 3074 natura:
826 3022 868 3075 vel
883 3034 1039 3093 exoransque
1049 3020 1163 3083 salutem,
1176 3020 1246 3088 conj.
1256 3017 1336 3070 Hein-

274 3098 321 3150 ubi
343 3100 421 3154 nobis
444 3101 533 3153 oritur
547 3101 604 3165 sol,
621 3100 661 3153 ibi
678 3099 783 3155 occidet
826 3102 893 3167 sius,
908 3102 950 3155 vel
966 3102 1178 3172 resalutatumque,
1191 3096 1266 3169 quod
1279 3114 1333 3151 non

273 3179 301 3230 in
319 3192 469 3251 posterum
481 3181 529 3233 ubi
541 3181 695 3253 septemtrio
708 3200 782 3233 nunc
829 3182 906 3236 male.
919 3183 1088 3233 demoratum
1103 3177 1227 3235 audacius
1242 3178 1334 3231 fiotum

272 3261 390 3323 est,erit
399 3259 533 3314 meridies.
827 3263 897 3315 forte
918 3262 1048 3325 verbum,
1072 3259 1118 3313 sed
1143 3258 1213 3313 bona
1247 3272 1333 3311 umen

315 3346 359 3401 14.
385 3342 556 3402 Tartessiaoor
577 3342 714 3395 Tartessos
742 3353 782 3394 est
827 3352 933 3395 moneta
947 3340 1138 3411 signatumest
1152 3350 1335 3399 curaremur·

270 3417 401 3490 oppidum
414 3420 548 3491 Hispanias
560 3421 678 3484 Baetice,
695 3439 779 3492 prope
826 3434 921 3474 matum
943 3438 965 3473 e.
987 3421 1004 3472 i.
1023 3438 1048 3490 g.
1069 3438 1093 3472 a.
1108 3418 1219 3483 Voluit,
1240 3416 1334 3481 eredo,

270 3515 403 3552 manum
415 3499 622 3553 oecidentalem:
634 3499 698 3553 inde
711 3500 779 3553 diei·
821 3500 918 3555 ludere
931 3500 1028 3565 Poeta,
1041 3512 1068 3553 et
1079 3497 1196 3552 indicere
1206 3498 1245 3551 sie
1254 3514 1333 3551 omne

271 3580 778 3643 turTartessiueos.—Dell1eroevid.l‚
822 3600 904 3653 genus
924 3580 967 3633 vel
982 3578 1167 3651 impedimenti
1182 3578 1225 3632 vel
1239 3579 1333 3631 obten-

273 3660 465 3714 iddtdolstitio
479 3661 591 3723 Meroen,
603 3662 685 3714 bruma
699 3672 777 3713 enta·
822 3674 873 3715 tus.
903 3661 954 3715 Cui
983 3660 1102 3715 lescirire
1126 3659 1255 3723 luberet,
1287 3656 1332 3709 ille

270 3740 452 3795 dimuslstrrou.
821 3754 910 3813 posset
933 3739 1035 3801 dicere,
1061 3739 1143 3792 Aufer
1166 3738 1233 3791 mibi
1254 3756 1332 3789 moros

314 3825 358 3875 rs.
373 3822 491 3883 Comtat,
507 3835 534 3874 et
552 3821 710 3894 probabitur
724 3822 777 3873 boe
821 3840 912 3873 omnes
937 3833 964 3873 et
984 3838 1088 3873 remorsu
1111 3832 1138 3872 et
1163 3830 1330 3870 remoratum.

268 3892 407 3970 exemplo⁸,
432 3900 515 3954 fidem
541 3902 662 3955 amicitior
683 3901 776 3954 tallere
821 3901 902 3954 Certe
919 3900 1039 3955 inomni
1063 3898 1189 3953 varietate
1209 3896 1332 3951 lectionis

269 3996 347 4048 posse
362 3982 442 4034 etiam
459 4000 532 4048 eam,
552 4001 611 4053 quas
630 3982 664 4035 sit
684 3980 776 4033 similis
821 3980 891 4033 nihil
906 3994 962 4045 eet,
976 3978 1050 4051 quod
1066 3979 1148 4050 magis
1162 3978 1275 4051 placeat.
1292 3978 1331 4027 De

268 4057 323 4123 illi,
343 4078 423 4129 quarn
435 4060 542 4115 Orestes
557 4074 584 4115 et
597 4059 709 4131 Pylades
723 4059 775 4112 sibi
822 4058 994 4113 distinetione
1008 4059 1078 4113 nihil
1092 4058 1154 4113 dieo
1169 4078 1176 4111 ε
1196 4076 1254 4112 eam
1266 4056 1332 4109 libe-

238 4188 244 4205 ,
268 4138 380 4192 inuicem
404 4142 566 4211 prestiteris,
587 4142 615 4193 in
634 4140 728 4211 primis
748 4140 774 4192 in
822 4160 879 4193 rarn
894 4159 949 4195 esse
964 4153 1104 4210 oportere,
1118 4156 1197 4195 nemo
1214 4148 1301 4206 negat.
