3034 4900
408 443 479 512 DE
507 443 562 510 VI
589 444 736 514 CONS.
766 445 1010 516 HONOR11.
1175 448 1243 536 145

124 615 129 624 ·
175 575 270 665 Quos
285 598 397 667 neque
416 573 560 643 semiferi
580 574 742 669 Gortynia
759 591 846 647 tecta
859 578 1009 671 juvenci,

177 678 329 751 Pluinina
342 704 411 748 nec
426 678 546 749 crebro
559 680 694 750 vincant
709 682 889 753 Maeandria
907 684 1005 753 flexu.
1205 716 1243 754 nt

180 790 335 857 Discreto
355 783 508 854 revoluta
527 784 632 881 gradu
650 800 847 883 torquentur
861 790 895 858 in
913 790 1009 859 orbes

180 894 346 987 Agmina,
366 892 600 986 perpetuisque
616 894 756 963 immoto
775 894 907 964 cardine
926 894 1075 966 claustris

181 1002 285 1069 lanus
297 995 386 1065 bella
404 1020 575 1090 premens,
596 996 677 1067 laetoe
694 999 756 1068 sub
771 1002 912 1094 imagine
925 1025 1062 1097 pugnae,

184 1107 362 1173 Armorum
376 1104 538 1172 innocuos
556 1105 634 1173 Paci
654 1103 792 1199 largitur
813 1106 965 1176 bonores.

183 1212 323 1303 Jamque
341 1232 467 1277 novum
487 1207 578 1278 lastis
593 1212 700 1306 aperit
715 1209 864 1281 felicibus
880 1238 1002 1283 annum
1208 1242 1247 1287 su

185 1320 254 1384 Ore
275 1328 454 1384 coronatus
468 1317 599 1407 gemino
614 1316 704 1409 :jam
724 1317 832 1386 Tibris
850 1320 884 1388 in
904 1343 972 1387 uno

184 1422 229 1489 Et
244 1421 339 1489 Bruti
360 1421 466 1489 cernit
483 1421 630 1507 trabeas,
648 1436 682 1490 et
699 1436 827 1517 sceptra
849 1425 990 1511 Quirini.

185 1525 332 1595 Consule
350 1524 478 1595 laetatur
494 1541 569 1620 post
585 1526 727 1621 plurima
748 1527 867 1597 saecula
889 1530 959 1598 viso

185 1630 373 1700 Pallanteus
389 1654 492 1725 apex:
512 1648 696 1726 agnoscunt
714 1636 836 1703 Rostra
856 1634 984 1705 curules

185 1738 323 1807 Auditus
341 1736 510 1831 quondam
528 1740 679 1831 proavis,
700 1738 898 1834 desuetaque
919 1742 1020 1835 cingit
1209 1770 1247 1815 sas

185 1845 310 1938 Regius
328 1845 451 1912 auratis
470 1843 543 1912 fora
561 1844 703 1915 fascibus
722 1845 824 1940 Ulpia
843 1846 958 1916 lictor:

229 2025 297 2089 636.
312 2024 471 2097 labyrinthi
487 2024 587 2078 Cretici
602 2023 699 2078 descri-
741 2017 815 2094 (nam
827 2027 848 2078 is
857 2027 966 2098 quidem
978 2040 1016 2080 est
1026 2022 1167 2079 Pallanteus
1176 2026 1247 2099 oper)

187 2105 265 2177 ptio;
288 2102 431 2177 Gonynm
452 2122 468 2156 a
488 2102 610 2175 Gortyna
633 2106 699 2157 urbe
740 2116 802 2176 post
820 2107 901 2157 multa
917 2107 1012 2159 secula
1028 2107 1100 2159 hunc
1114 2106 1188 2159 ridet
1203 2127 1249 2161 ve·

189 2195 302 2237 vocatur
329 2182 459 2255 quidquid
487 2183 625 2236 Creticum
656 2182 699 2236 rel
740 2204 802 2237 rum
812 2185 954 2243 consulem,
965 2183 1077 2237 eundem
1089 2186 1250 2257 Augustum,

192 2262 638 2333 Cretenseest.-Serrivr'rjuoenrru,
646 2263 698 2315 Mi·
740 2278 856 2335 utroque
876 2277 929 2316 tam
949 2277 1059 2336 augusto
1078 2266 1187 2317 nomine
1207 2264 1250 2318 di·

190 2342 574 2413 notanrus.-Moeardrifleaus
581 2341 613 2394 ad
623 2344 697 2415 laby·
740 2342 839 2415 gnum?
850 2344 927 2397 Certe
936 2344 956 2396 si
969 2342 1041 2397 aliud
1051 2343 1101 2396 eibi
1112 2345 1188 2410 velit,
1200 2363 1248 2417 ego

189 2422 276 2476 rinrhi
298 2421 426 2476 rationem
450 2412 632 2495 explicandam
652 2421 699 2476 ad·
740 2423 1249 2495 nonintelligeremelateor.Etplurima

189 2503 267 2556 lubet
281 2500 360 2555 Ovid.
377 2502 441 2556 Met.
458 2503 545 2565 vlu,
565 2507 634 2559 162,
650 2503 699 2574 qui
739 2504 828 2555 sucula
838 2504 880 2555 vel
890 2503 927 2556 sic
941 2501 1011 2556 dicta
1022 2517 1061 2557 sat
1071 2502 1249 2574 ὑπιρὸολικῶς,

188 2583 306 2654 Phrygiis
323 2587 349 2633 ia
362 2585 424 2633 arria
435 2582 526 2645 laedit,
547 2595 572 2633 et
587 2583 699 2652 ambiguo
739 2583 790 2636 nisi
799 2583 821 2636 si
829 2583 1010 2654 generationes
1018 2581 1193 2654 intelligamus
1202 2585 1248 2637 tri·

189 2663 258 2733 lapsu
274 2663 399 2734 refluitque
407 2663 536 2734 fluitque5
553 2662 698 2714 Occurrens-
740 2681 869 2716 cenorum
885 2661 990 2714 circiter
1005 2681 1146 2715 annorum.
1161 2663 1248 2716 Etiam

108 2781 114 2792 .
189 2741 633 2815 quesr'bivmturusadrpicr'trmdas,
647 2754 697 2794 etc.
739 2740 808 2794 illud
816 2743 894 2812 longe
902 2754 975 2793 retro
983 2753 1103 2794 removet
1111 2742 1248 2796 consulent

229 2823 297 2876 636.
306 2822 441 2873 Discretum
447 2819 550 2890 μύση
559 2819 637 2886 dicit,
647 2820 699 2873 nisi
740 2819 861 2874 Honorio
871 2821 996 2890 equalem
1005 2833 1032 2874 et
1038 2821 1151 2874 similem
1159 2860 1166 2887 ,
1175 2817 1249 2894 quorl

187 2901 278 2965 fallor,
302 2898 438 2953 diversum
461 2901 576 2954 incessus
597 2918 698 2970 genus,
737 2903 824 2971 proavi
831 2901 913 2951 audire
923 2911 1025 2953 tautum
1034 2910 1146 2972 potuere
1156 2903 1247 2954 curules

188 3001 240 3052 pro
259 2998 314 3052 qno
335 2977 473 3050 trepidarii
494 2977 622 3032 (licuntur
638 2979 699 3050 equi
741 2981 934 3050 Imperatorum
953 2980 984 3054 ¹in
1006 2980 1108 3032 Rostris
1131 2981 1246 3050 positae,

188 3073 217 3113 et
226 3058 389 3131 gnttonarii,
400 3072 427 3112 et
437 3057 508 3130 apud
520 3059 643 3111 Plautum
659 3072 700 3111 to·
741 3078 796 3112 non
809 3056 910 3112 videre.
921 3059 1039 3112 Breviter
1050 3057 1138 3113 omnia
1152 3077 1184 3110 eo
1197 3055 1246 3111 du-

187 3140 265 3193 lutim
281 3136 422 3203 haditare3
436 3136 492 3191 vid.
505 3139 599 3209 Vrget.
615 3136 700 3190 mulo·
741 3149 819 3202 cunt,
830 3137 904 3210 quasi
915 3139 1037 3210 respiciat
1047 3149 1125 3207 poeta
1135 3136 1169 3190 ad
1180 3139 1247 3191 Tra·

188 3218 261 3273 med.
280 3219 312 3283 1,
335 3235 400 3277 m.
423 3215 474 3286 37,
490 3230 517 3270 et
536 3217 645 3270 Salmas.
667 3212 700 3269 ad
739 3219 797 3290 jani
810 3213 949 3290 imperium
964 3233 971 3270 τ
985 3235 1040 3289 quo
1051 3218 1125 3287 jure,
1138 3216 1246 3270 viderit.

187 3297 337 3372 Capitolini
351 3297 461 3349 Maxim.
474 3317 501 3368 p.
518 3297 564 3349 13.
742 3298 872 3351 Caeterum
898 3316 910 3348 a
933 3296 1042 3368 Trajuni
1066 3307 1144 3367 gente
1169 3295 1249 3368 Ulpia

229 3376 572 3448 637.JanusclauauaDen
582 3375 644 3428 Paci
654 3376 701 3427 bo·
742 3379 821 3430 etiam
834 3374 1185 3436 'I‘beodosianamfarniliam
1201 3375 1248 3429 de-

190 3476 284 3511 norem
303 3457 380 3509 bunc
397 3455 495 3521 babet,
512 3468 544 3508 nt
562 3453 642 3509 ludos
660 3450 701 3508 illi
741 3457 812 3509 rivet
823 3457 930 3521 Noster,
941 3456 982 3508 uti
996 3452 1110 3507 vidimus
1127 3455 1159 3508 ad
1176 3457 1247 3518 VII,

193 3536 337 3600 mutuos,
354 3550 454 3607 pugnat
471 3534 615 3606 imaginem
633 3535 701 3587 ret‘e-
746 3537 812 3605 189.
836 3535 906 3601 Quin
928 3535 1006 3588 audet
1026 3535 1140 3606 Trajano
1161 3535 1247 3606 aliqua

193 3615 507 3686 rentes,laciat,eoipso
517 3627 701 3686 temporeque
742 3626 818 3685 parte
839 3615 963 3684 prolerre
981 3613 1131 3666 Honorium
1153 3614 1197 3664 hir
1221 3633 1245 3664 v.
1344 3607 1347 3615 ’

193 3713 295 3748 annm
306 3695 396 3766 aperit.
582 3745 584 3748 ,
745 3693 812 3747 335.
827 3693 988 3764 Exaggerare
1006 3692 1075 3743 ultra
1093 3690 1201 3761 modum
1222 3705 1249 3743 et

239 3774 384 3836 Gambruti
392 3773 541 3826 liberatoris
551 3785 577 3826 et
587 3773 702 3826 consulis
742 3771 833 3826 laudes
845 3769 912 3826 solet
927 3783 953 3824 et
965 3771 1085 3824 crimina.
1153 3817 1163 3834 ·.
1186 3821 1188 3825 ,
1255 3767 1256 3774 ’

193 3851 281 3926 pn'mi
302 3853 380 3904 natm
400 3865 440 3906 est
461 3865 586 3924 pretextae
605 3872 701 3905 consu·
786 3855 851 3915 otc.
862 3853 960 3904 Utrum
969 3867 1062 3902 revera
1074 3850 1103 3900 in
1113 3849 1171 3901 foro
1182 3849 1247 3908 Tra·

192 3933 277 3996 krist
294 3943 384 4001 sceptro
400 3934 501 4002 Quirini
513 3932 615 4002 regium
631 3932 702 3984 fasti·
743 3929 805 4003 jano
824 3951 844 3984 s.
864 3929 947 4000 Ulpio
964 3946 1088 3999 pompam
1107 3947 1138 3981 ex
1157 3930 1250 3984 trium·

189 4013 268 4084 giam
284 4020 388 4064 notant.
744 4008 820 4082 phali
835 4021 862 4060 et
873 4007 1005 4060 consulari
1017 4005 1119 4060 mistam
1135 4011 1249 4063 celebra·

241 4097 313 4156 644.
333 4094 376 4144 An
397 4093 450 4145 boc
471 4089 554 4153 dicit,
577 4088 704 4142 Palatium
744 4089 816 4142 terit
826 4085 979 4153 Honorius,
994 4106 1028 4140 an
1043 4087 1155 4140 ornandi
1171 4087 1250 4140 modo

242 4205 292 4270 11.
686 4238 688 4241 ·
1029 4203 1072 4266 io
