3034 4900
258 408 328 483 132
468 411 544 479 cn.
572 410 1089 481 onaunramxxvin.
1134 376 1142 385 “
1193 386 1194 389 ‘

141 591 143 596 -
253 547 325 612 Jam
344 541 505 635 Ligurum
524 539 659 634 trepidis
672 540 865 611 admoverat
877 542 1008 635 agmina
1021 544 1141 627 muris,

254 648 373 717 Tutior
390 644 510 716 auxilio
525 647 668 734 brumae,
687 671 753 740 quo
768 647 919 741 gentihus
936 645 997 715 illis

254 754 369 823 Sidere
390 752 539 821 consueti
559 752 649 821 favet
667 751 875 822 inclementia
897 751 981 839 caeli,
1271 778 1308 823 aaa
1508 752 1515 795 i

254 861 376 954 Meque
391 858 578 928 minabatur
592 858 718 927 calcato
734 858 885 928 obsidere
901 856 1005 945 vallo,
1333 908 1349 941 0

253 968 353 1060 Spem
373 989 460 1033 vano
481 978 607 1034 terrore
629 964 763 1052 fovens,
785 967 812 1033 si
831 964 933 1051 forte,
951 966 1086 1033 remotis

254 1070 433 1154 Praesidiis‚
448 1086 588 1164 urgente
602 1084 717 1157 metu,
735 1094 801 1163 qua
818 1069 933 1158 vellet,
948 1070 1075 1139 obirem

254 1176 454 1248 Conditione
471 1176 592 1245 fidem:
609 1201 671 1244 nec
689 1201 743 1245 me
763 1178 864 1245 timor
879 1175 1009 1271 impulit
1029 1173 1134 1263 ullus,

253 1286 299 1351 Et
319 1281 403 1352 duce
421 1295 561 1351 venturo
577 1281 715 1369 fretum,
735 1306 981 1375 memoremque
995 1295 1146 1365 tuorum,
1272 1316 1311 1360 aa„

253 1391 380 1471 Roma,
397 1387 540 1474 ducum,
560 1388 679 1482 quihus
694 1387 784 1456 haud
798 1411 956 1483 umquam
977 1386 1030 1455 vel
1044 1401 1150 1458 morte
1168 1401 1283 1481 parata

254 1493 375 1563 Foedus
397 1491 478 1563 lucis
495 1516 589 1561 amor
611 1494 737 1587 pepigit
754 1493 925 1589 dispendia
947 1493 1050 1562 famae.

307 1603 384 1670 Nox
402 1613 493 1687 erat,
507 1613 542 1667 et
559 1597 622 1667 late
643 1598 810 1668 stellarum
832 1624 925 1667 more
941 1599 1093 1668 videbam

255 1705 449 1774 Barbaricos
476 1704 591 1773 ardere
608 1704 701 1774 focos
714 1705 810 1807 :jam
829 1703 961 1774 classica
982 1704 1105 1798 primos

255 1811 432 1879 Excierant
452 1810 586 1903 vigiles,
601 1808 709 1903 gelida
727 1835 829 1904 quum
847 1807 985 1904 pulcher
998 1810 1040 1877 ah
1054 1812 1156 1880 Arcto
1275 1831 1314 1878 ⁴⁵⁵

256 1916 423 1985 Adventat
440 1914 592 1985 Stilicho:
607 1916 734 1985 medius
752 1915 809 1984 sed
826 1914 989 2008 clauserat
1007 1916 1111 1985 hostis

256 2023 350 2091 Inter
364 2046 417 2089 me
434 2045 651 2116 socerumque
667 2023 772 2110 viam,
786 2036 987 2116 pontemque
1008 2021 1159 2109 tenebat,

257 2126 375 2196 Addua
397 2152 464 2221 quo
484 2130 600 2197 scissas
621 2130 807 2221 spumosior
823 2128 939 2199 incitat
956 2126 1072 2197 undas.

304 2310 367 2373 443.
382 2309 468 2361 Etiam
483 2308 529 2361 hic
541 2310 658 2378 Ligurum
668 2328 767 2363 nomen
853 2309 920 2375 451.
934 2312 1080 2363 Immemor
1090 2324 1129 2365 est
1142 2312 1237 2366 Noster
1250 2312 1319 2366 Cau·

260 2391 313 2443 late
326 2400 414 2459 patet,
426 2400 458 2442 ut
470 2406 549 2458 supra
559 2407 585 2441 v.
602 2388 668 2440 363.
812 2387 880 2442 dinae
891 2390 1034 2460 pactionis,
1045 2403 1072 2443 et
1082 2389 1188 2445 foederis
1198 2392 1319 2445 Numan·

304 2475 370 2532 444.
378 2466 495 2520 Gentibus
502 2467 560 2530 illis,
568 2467 768 2539 copiieAlarici‚
813 2470 871 2522 tini.
882 2468 985 2542 Nempe
993 2471 1049 2522 haec
1060 2468 1093 2523 ad
1104 2489 1160 2524 rem
1170 2470 1251 2542 ipsius
1263 2490 1318 2524 non

264 2545 534 2619 quaefrigoriassuetae
542 2559 669 2611 erant;ec
678 2548 770 2617 proin-
813 2549 990 2619 pertinebant.
1006 2549 1124 2602 Debehat
1133 2551 1253 2621 profecto
1265 2569 1321 2604 mo·

266 2626 300 2680 de
312 2626 481 2679 inclementia
495 2625 551 2678 eseli
561 2625 604 2677 his
619 2625 730 2678 favebat
814 2624 912 2679 destius
923 2627 967 2679 hic
982 2627 1055 2698 loqui
1066 2629 1145 2680 aiam
1159 2641 1244 2698 poeta.
1261 2630 1319 2681 Fa·-

308 2701 374 2768 445.
388 2705 460 2757 Sidus
472 2704 516 2756 hic
528 2717 708 2775 tempestatem
722 2724 772 2757 no·
815 2707 859 2757 dus
881 2707 940 2758 lucis
961 2726 1045 2771 anaor,
1063 2708 1108 2778 qui
1129 2718 1201 2760 metu
1225 2711 1320 2762 mortis

267 2795 305 2836 tat
317 2795 344 2836 et
354 2785 421 2836 aeris
433 2783 660 2849 constitutionem,
675 2803 690 2835 a
702 2803 774 2837 com-
815 2784 903 2855 turpis
915 2785 1062 2856 paciscitur.

268 2863 405 2936 paratione
419 2860 482 2914 solis
495 2858 531 2912 ed
545 2874 641 2914 teriam
655 2877 773 2916 nostram
857 2865 923 2926 454.
943 2865 1051 2917 Classica
1069 2876 1130 2918 sunt
1146 2863 1235 2919 omnia
1247 2868 1321 2936 signa

269 2954 297 2995 et
318 2939 404 2995 sidera
426 2940 476 2993 elia
497 2937 674 3012 pendentem,
693 2961 774 3013 quam
817 2942 888 2996 tubis
909 2941 969 2996 data
987 2944 1127 3009 exercitui,
1144 2957 1174 2996 ut
1194 2945 1240 2998 hic
1254 2947 1321 3016 vigi-

269 3019 366 3076 deinde
385 3019 516 3074 sideribus
534 3020 668 3085 tribuere,
684 3034 744 3073 orto
759 3041 775 3074 a
817 3021 922 3075 liar'um.
939 3021 982 3076 Sic
996 3023 1101 3076 classico
1119 3021 1152 3076 ad
1167 3025 1321 3078 concionem

269 3101 432 3172 metonymia
447 3098 597 3152 doctiorum
611 3119 718 3165 errore,
733 3121 775 3153 so·
818 3101 1322 3165 vocanturmilites,etc.Videturautem

270 3183 328 3235 lent
338 3182 416 3234 etiam
426 3180 556 3250 astrologi.
571 3178 662 3244 Getas,
673 3179 776 3251 frigidae
819 3181 864 3235 hic
877 3183 978 3252 signare
988 3181 1106 3251 vigiliam
1118 3184 1231 3255 primam
1241 3184 1301 3238 diei.

270 3262 386 3332 regionis
410 3257 445 3313 ad
463 3261 563 3312 Istrum
581 3258 690 3322 incole,
712 3261 776 3312 hru-
863 3261 927 3324 455.
939 3259 1245 3316 ConsiderantiAddaam
1255 3277 1281 3316 et
1291 3266 1323 3321 si·

271 3359 343 3394 mem
363 3340 392 3392 in
412 3339 487 3391 ltalia
502 3339 578 3391 facile
591 3339 713 3390 tolerant.
734 3339 776 3392 Cl.
821 3351 877 3391 tum
895 3338 927 3391 ad
945 3338 1064 3392 dextram
1079 3342 1150 3394 illius
1165 3345 1251 3413 ripam
1265 3344 1322 3396 Me-

270 3420 321 3483 1v,
334 3418 379 3472 30.
821 3417 972 3484 diolanum,
985 3420 1032 3472 uhi
1048 3433 1104 3473 erat
1115 3421 1259 3488 Honorius,
1274 3441 1321 3493 ap·

314 3503 379 3561 446.
400 3497 542 3550 Minabatur
555 3515 597 3548 me
609 3497 778 3549 obsessurum
820 3510 912 3568 paret,
930 3517 944 3550 a
957 3501 1156 3569 septentrionali
1167 3501 1242 3570 plaga
1253 3501 1323 3567 (hoc

272 3597 346 3644 esse3
367 3577 414 3630 sed
435 3587 522 3628 tamen
541 3571 620 3628 dabat
636 3593 710 3646 spem
730 3577 777 3628 ali·
821 3576 881 3630 satis
894 3590 932 3630 est
946 3591 1029 3648 poetae
1042 3592 1072 3632 ut
1083 3593 1159 3633 vocet
1169 3581 1263 3648 gelidas
1273 3584 1323 3634 Ar·

272 3677 372 3729 quam,
398 3657 420 3709 si
439 3656 535 3709 vellem
556 3673 647 3724 pacem
674 3656 776 3720 facere,
821 3647 989 3723 ctoslvenire
1006 3654 1125 3712 debuisse
1140 3659 1322 3714 Stilichonem.

272 3739 368 3807 quibus
380 3734 578 3789 conditionibus
589 3734 646 3804 ipse
660 3735 746 3786 vellet.
862 3735 926 3798 458.
942 3737 1053 3800 Addua,
1067 3757 1194 3809 magnum
1206 3739 1322 3807 flumen,

313 3819 379 3878 448.
405 3815 480 3868 Ohire
495 3813 588 3883 fidem,
606 3826 637 3866 ut
657 3811 776 3867 radimo·
820 3814 928 3866 Larium
948 3815 1034 3868 lacum
1055 3817 1201 3888 trajiciens,
1215 3833 1242 3872 et
1263 3822 1323 3873 Eri·

272 3894 348 3946 nium
371 3896 455 3949 obire·
482 3892 610 3966 Sperabat
633 3891 773 3958 Alaricus,
819 3891 888 3945 dano
906 3913 933 3946 se
946 3895 1074 3968 miscens,
1088 3897 1206 3970 quinque
1219 3900 1322 3952 circiter

271 3991 436 4046 quacumque
454 3971 607 4025 conditione
620 3991 647 4024 se
661 3975 712 4042 jam
729 3991 781 4024 exe
817 3971 973 4028 milliaribus
980 3977 1229 4047 supraCremonam.
1236 3977 1321 4030 Hodie

270 4054 384 4125 primere
398 4069 490 4122 pacem
506 4053 539 4104 ab
554 4051 673 4104 Honorio
687 4071 770 4124 posse.
816 4049 915 4108 dicitur
926 4054 1212 4110 Adda.-Asnhlieis
1220 4057 1320 4126 ligneis,
1355 4053 1359 4062 ’
