3034 4900
507 472 575 539 DE
602 472 777 543 BELLO
805 474 1019 543 GETICO.
1245 477 1292 549 85

288 634 306 669 u
323 604 442 686 Nunc,
464 629 486 671 ο
505 626 617 689 nunc,
632 599 733 673 socii!
753 598 921 676 tume'retae
942 607 1060 675 sumite
1082 608 1215 679 tandem
1258 640 1296 679 sss

220 708 336 780 ltaliae
356 732 492 805 poenas:
515 708 640 779 obsessi
659 711 817 805 principis
834 714 934 781 annis

220 820 396 886 Excusute
413 814 528 901 nefas,
548 814 822 911 deploratumque
840 818 978 887 Timavo

221 921 379 1008 Vulnus,
397 936 433 991 et
451 920 609 1016 Alpinum
628 920 743 1017 gladiis
764 920 892 993 abolete
914 924 1085 1018 pudorem.

223 1029 298 1096 llic
318 1042 387 1115 est,
400 1052 500 1122 quem
519 1029 616 1097 toties
633 1030 758 1123 campis
780 1028 906 1099 fudistis
923 1028 1077 1117 Achivis3

224 1134 343 1223 Quem
362 1133 489 1205 discors
506 1133 655 1229 odiisque
670 1158 793 1229 anceps
807 1134 956 1205 civilibus
973 1136 1082 1223 orbis,
1258 1168 1295 1205 sss

227 1242 311 1308 Non
329 1264 390 1309 sua
411 1242 459 1309 vis
479 1253 586 1309 tutata
606 1239 685 1321 diu,
702 1240 783 1309 durn
801 1240 926 1311 foedera
947 1240 1044 1311 fellas
1095 1282 1099 1291 =

206 1384 210 1389 -
228 1345 356 1434 Ludit,
374 1360 410 1414 et
428 1343 562 1417 alternas
582 1346 728 1441 peq'uria
746 1346 896 1417 venditet
913 1346 1004 1417 aulae.

229 1451 369 1521 Credite
385 1476 475 1522 nune
488 1476 629 1540 omnes,
649 1477 731 1547 ques
750 1452 822 1522 dira
838 1455 1024 1541 Britannia,
1046 1468 1176 1549 gentes,

231 1559 329 1646 Quas
347 1560 455 1645 Ister,
474 1582 556 1651 quas
571 1559 710 1631 Rhenus
723 1556 798 1648 alit,
813 1560 958 1655 pendere
976 1574 1106 1655 paratus

231 1767 361 1839 spemin,
370 1786 425 1822 που
433 1781 548 1835 temne,
558 1788 614 1823 non
624 1770 744 1835 incente,
787 1768 878 1825 cordis
889 1784 1026 1827 sustentet.
1038 1770 1102 1825 nm
1113 1768 1246 1825 discordie
1257 1773 1299 1825 lo·

233 1866 289 1900 non
304 1846 414 1914 timide,
426 1847 475 1902 sed
488 1849 568 1920 pleno
578 1888 586 1914 ,
596 1850 685 1921 gravi,
697 1869 743 1903 en·
788 1851 899 1904 rebatur
913 1870 928 1905 e
942 1852 1050 1905 Rufino.
1064 1882 1103 1897 --
1118 1850 1213 1923 Auceps
1227 1892 1235 1915 ‚
1259 1853 1295 1903 ob

233 1926 344 1999 dacique
362 1926 449 1999 gretie
461 1941 552 1982 movet
566 1930 697 1983 cohortes.
787 1930 855 1983 belle
866 1930 954 1985 civilis
964 1930 1104 2003 dubitans,
1113 1949 1191 2002 quem
1200 1929 1295 1983 ducem

275 2008 744 2077 560.Temtaltslis,temerelnsr‚
788 2023 922 2081 sequetur.

236 2087 369 2141 etsll'eete
379 2088 484 2158 injuriis
492 2088 550 2141 sine
565 2106 651 2142 cause
829 2090 896 2147 566.
910 2089 1015 2142 Foedera
1027 2088 1096 2142 ludit.
1110 2087 1220 2142 Foedere
1237 2108 1298 2159 per·

280 2166 346 2221 561.
368 2168 479 2221 obsideri
500 2166 598 2221 diciurr
621 2186 677 2221 non
697 2167 744 2221 ille
788 2187 861 2221 curse
874 2183 1004 2240 tanquam
1017 2167 1111 2221 ludum
1124 2168 1242 2239 negligit.

239 2242 338 2310 modo,
353 2246 398 2317 qui
414 2246 530 2301 indueus
550 2246 669 2319 undique
689 2261 744 2313 eet;
830 2246 895 2341 ξφ.
915 2246 988 2300 Illud
1005 2247 1105 2299 altemce
1121 2248 1184 2299 aula
1204 2242 1296 2299 edmo-

240 2323 288 2378 sed
299 2325 342 2377 cni
350 2344 382 2379 ex
392 2327 511 2398 proximu
519 2326 603 2381 hostis
610 2328 745 2393 imminet,
788 2340 835 2381 net
849 2346 898 2380 uos
914 2326 1076 2381 infelicitatis
1090 2326 1179 2392 illius,
1194 2346 1253 2399 quei
1271 2338 1298 2379 et

238 2405 421 2461 oecedonihus
430 2404 547 2462 nocendi
558 2407 684 2462 intentus.
788 2407 876 2480 ipsum
889 2406 1032 2480 imperium
1046 2406 1162 2461 turbarit
1174 2420 1201 2460 et
1214 2406 1298 2462 histo·

279 2485 745 2541 562.Emmesthtculciscendo
787 2487 1298 2559 riem:quumBerburisuterenturRu-

236 2563 348 2629 tollere,
366 2567 439 2620 etin
454 2579 557 2620 tuntum
575 2567 699 2632 abolere,
715 2580 746 2620 ut
788 2567 858 2622 tinne
874 2580 900 2621 et
915 2566 1026 2620 Stilicho
1040 2566 1164 2621 adversus
1182 2585 1209 2620 se
1227 2567 1298 2619 inri-

236 2663 289 2698 non
300 2647 413 2718 amplius
419 2646 523 2718 ignavie
532 2647 612 2718 objici
618 2647 745 2718 injuriam
788 2666 864 2710 cem,
879 2648 958 2700 ambo
972 2665 1026 2700 unc
1037 2665 1097 2700 cum
1111 2645 1170 2716 ipso
1183 2646 1298 2716 imperio

229 2738 462 2798 passoqueet.—
489 2725 745 2780 rmavrufonsetflu·
789 2729 822 2780 ab
837 2727 889 2780 illis
909 2724 1086 2780 illuderentur
1101 2736 1298 2779 everterentur·

234 2805 295 2858 rins
314 2805 344 2859 in
361 2806 489 2858 intimum
507 2806 598 2859 sinum
612 2808 746 2860 Venetum
789 2820 857 2878 que;
874 2804 1011 2861 fraudibus
1026 2819 1053 2859 et
1067 2804 1179 2878 perfidis
1198 2823 1298 2876 gressa·

235 2885 459 2956 interdquileicm
466 2883 745 2958 etTergesteniuflnit.
789 2899 883 2947 rentur
897 2905 1005 2950 ornnes,
1023 2883 1132 2958 utquid
1147 2903 1242 2938 verum
1259 2903 1299 2937 es·

237 2965 269 3016 ln
288 2964 339 3018 hac
365 2983 449 3038 porro
473 2965 583 3038 regione
606 2984 709 3038 pressos
731 2985 746 3018 a
789 2978 845 3023 eet,
865 2985 900 3019 ne
922 2965 971 3038 qui
991 2978 1065 3018 extre
1084 2977 1172 3036 partes
1190 2962 1299 3035 quidem

238 3043 360 3098 Barbarie
372 3045 505 3098 Romanus
515 3084 523 3111 ,
532 3043 574 3098 vel
585 3045 630 3099 hic
643 3045 745 3116 ipselo·
789 3057 876 3098 essent
888 3045 965 3098 facile
978 3045 1046 3097 scire
1060 3059 1182 3115 possent,
1197 3043 1241 3096 vix
1253 3060 1299 3096 uu·

239 3141 287 3175 cus
298 3125 359 3178 setis
370 3122 528 3178 indicet-
535 3123 692 3195 Deploraturr
703 3125 746 3176 Ti·
791 3139 844 3178 tem
862 3139 930 3179 esset
948 3125 1052 3195 integer
1070 3123 1164 3195 aliquis
1177 3141 1192 3174 a
1207 3121 1301 3175 studiis

239 3222 318 3256 aare.
327 3203 477 3276 Alloquitur
484 3204 654 3274 milites‚qui
662 3204 747 3256 Maxi·
790 3203 922 3276 partium,
939 3203 986 3276 qui
1006 3202 1163 3256 velletren
1186 3201 1299 3254 tradere·

238 3301 284 3336 mo
304 3296 419 3352 tynnm
435 3285 510 3356 prins
522 3283 556 3336 nd
570 3283 650 3356 Alpes
660 3283 748 3337 Time·
792 3302 832 3313 -
854 3285 966 3354 Perjurie
989 3281 1108 3336 venditat.
1132 3281 1193 3334 Nou
1216 3282 1302 3334 solum

235 3381 354 3436 rumque
370 3361 489 3428 addicti,
508 3361 624 3416 dedecus
638 3363 747 3416 vulnus·
790 3365 934 3435 perjurus,
951 3359 999 3415 sed
1021 3362 1099 3415 etism
1121 3361 1249 3433 gloriatur
1266 3360 1302 3417 de

235 3461 287 3515 qne
297 3444 414 3516 imperio
428 3443 598 3496 inflixerant:
616 3443 748 3497 hortatur·
791 3443 935 3514 perjuriis,
953 3443 1051 3513 quibus
1072 3439 1169 3494 delusit
1189 3441 1301 3494 alterna·

236 3523 422 3594 querllos,ut
435 3523 593 3577 snevirtnte
607 3523 676 3576 hunc
691 3541 747 3575 nie·
791 3523 840 3575 tim
860 3520 940 3574 modo
957 3521 1043 3574 aulam
1059 3521 1192 3578 Orientis,
1221 3519 1301 3572 mode

239 3604 322 3656 cutam
347 3604 449 3657 eluant.
469 3605 509 3656 De
538 3603 637 3656 Timavo
664 3601 747 3655 fluvio
793 3602 879 3655 aulam
893 3601 1054 3660 Occidentis.

240 3691 324 3752 supra.
337 3683 390 3738 Vel
410 3701 459 3755 per
477 3684 596 3754 Alpinum
616 3681 746 3753 pudorne,
834 3681 899 3750 569.
915 3681 1022 3734 Pendere
1032 3679 1172 3738 dicuntur,
1185 3679 1232 3749 qui
1245 3697 1300 3730 non
1375 3741 1380 3748 ι

242 3759 749 3834 inteiligededecunnohisrusoeprum,
792 3761 905 3814 firmiter
926 3773 1013 3824 stant,
1033 3779 1088 3812 non
1115 3771 1170 3810 toto
1191 3757 1301 3828 vestigio

242 3839 316 3909 quod
329 3841 410 3898 Getes
425 3862 480 3896 non
495 3841 658 3894 vetuerimne
669 3833 750 3913 Alpes
793 3839 935 3904 nituntur,
950 3838 998 3892 sed
1013 3855 1158 3909 suspenso,
1173 3849 1203 3889 ut
1215 3836 1249 3892 ud
1263 3836 1302 3890 le·

238 3934 383 3989 penemee.
795 3919 934 3972 vissimum
946 3935 1080 3989 quemque
1092 3917 1234 3988 impulsum
1248 3937 1305 3970 mo·

281 4000 348 4054 565.
370 4005 488 4066 Discors,·
516 4001 561 4054 hic
587 4013 625 4054 est
649 4001 749 4062 hostie,
796 4011 914 4051 veantur.
927 3997 1303 4052 NostrsGermuncrumcon-

234 4100 314 4152 quern
330 4101 386 4136 nnn
399 4103 442 4138 sua
457 4085 499 4137 vis
508 4120 517 4148 ‚
529 4079 576 4132 scd
590 4079 682 4133 mundi
698 4079 750 4133 dis·
796 4075 910 4130 suetudo
924 4077 1003 4130 hibet
1017 4077 1158 4137 formulam
1175 4079 1251 4148 plane
1267 4074 1305 4126 si-

1079 4171 1121 4254 63
