3034 4900
284 489 358 560 280
500 490 574 557 CL.
602 490 904 559 CLAUDIANI
931 489 1115 556 XXXVI.

281 623 341 689 Hae
355 617 507 714 placuere
524 618 611 688 laces
629 647 636 687 :
656 619 772 714 per'nix
787 619 911 689 invadit
927 633 1100 711 utramque

282 728 401 795 Cincta
413 727 520 811 sinus,
535 741 664 796 exserta
678 751 809 812 manus,
824 740 949 795 armata
963 726 1116 819 bipenni;

281 829 496 926 Alternasque
514 830 605 919 ferit,
622 834 764 925 totisque
779 832 900 901 obnixa
918 845 1094 901 trementes

281 937 416 1005 Viribus
433 936 571 1031 impellit
589 964 596 1004 :
612 940 736 1032 pariter
749 952 878 1008 traxere
892 939 1037 1024 ruinam,

280 1045 324 1112 Et
338 1045 461 1136 pariter
475 1067 613 1136 posuere
628 1067 776 1132 comam,
794 1067 976 1138 campoque
991 1039 1204 1125 recumbunt,
1298 1069 1335 1108 uu

280 1149 468 1217 Faunorum
482 1148 718 1244 Dryadumque
732 1149 828 1219 dolor
843 1175 851 1216 :
867 1147 1096 1243 complectitur
1109 1146 1242 1233 ambas,

282 1254 374 1324 Sicut
386 1268 499 1340 erant,
515 1252 643 1348 alteque
658 1253 761 1339 levat,
777 1269 932 1350 retroque
947 1253 1060 1324 solutis

280 1358 434 1428 Crinibus
449 1359 619 1429 adscendit
633 1359 761 1456 fastigia
776 1361 897 1430 montis
912 1358 1038 1447 anheli,

279 1467 528 1560 Exsuperatque
542 1480 656 1554 ustus,
670 1481 704 1536 et
717 1465 798 1536 nulli
813 1467 925 1561 pervia
941 1489 1035 1552 saxa,

278 1572 386 1664 Atque
402 1570 608 1666 indignantes
621 1573 757 1668 vestigia
771 1571 876 1642 calcat
890 1596 1013 1641 arenas.

330 1675 445 1766 Qualis
458 1677 628 1770 pestiferas
641 1681 787 1747 animare
801 1677 843 1747 ad
857 1679 994 1748 crimina
1008 1691 1101 1746 taxos

275 1783 385 1850 Torva
399 1786 541 1876 Megaera
555 1785 637 1870 ruit3
653 1784 771 1852 Cadmi
786 1807 842 1853 seu
860 1784 980 1852 moenia
998 1797 1129 1878 poscat,

278 1889 354 1957 Sive
375 1889 545 1982 Thyesteis
564 1903 719 1984 properet
738 1890 851 1960 saevire
867 1890 1033 1982 Mycenis;

277 1996 368 2064 Dant
383 1994 526 2064 tenebrae
544 1995 725 2088 Manesque
746 1994 873 2084 locum,
893 1994 1076 2091 plantisque
1098 1993 1255 2063 resultant

274 2231 449 2306 Epidaphnae
469 2245 595 2298 vocatur,
615 2234 655 2288 tet
674 2230 778 2305 δάφνης.
824 2235 877 2287 vita
891 2253 953 2287 cum
966 2234 1023 2306 igni
1037 2235 1132 2306 passim
1153 2245 1330 2306 comparatur.

317 2314 383 2384 376.
399 2315 450 2364 Hoe
460 2313 571 2383 placuere
578 2314 666 2379 fnees;
681 2313 722 2366 hee
737 2333 779 2366 ar·
824 2313 918 2368 Euclio
931 2314 1081 2378 Plautinus,
1096 2313 1157 2366 Aul.
1173 2316 1200 2378 Ι,
1219 2331 1262 2378 11,
1280 2312 1331 2376 15,

276 2395 356 2449 bores
371 2392 532 2463 placuerunt
548 2392 640 2448 Cereri
657 2391 691 2444 ad
713 2394 781 2446 faces
825 2392 1169 2457 interminaturencillae,ne
1179 2393 1266 2463 ignem
1280 2391 1331 2444 ulet

275 2470 473 2539 conficiendes3
491 2472 560 2525 forte
572 2471 633 2542 quia
645 2484 701 2524 erat
712 2491 781 2542 pru·
825 2472 913 2533 domi,
924 2474 989 2525 Nam
999 2478 1021 2524 si
1035 2474 1097 2542 ignis
1106 2476 1187 2533 nivet,
1206 2483 1232 2521 tu
1241 2474 1330 2522 cestin-

276 2549 338 2623 vsaga
347 2552 459 2605 funeris.
468 2550 553 2623 Apud
565 2549 694 2604 Ovidium
707 2550 781 2606 tude
824 2572 896 2621 gnere
918 2552 1055 2622 extempulo.
1079 2551 1200 2601 Verbum
1224 2551 1331 2601 aarum

278 2631 383 2685 Cereris
392 2642 456 2684 sunt
467 2630 562 2701 pineo.
571 2630 622 2683 En.
824 2629 869 2682 hic
883 2629 996 2683 illustrat
1009 2628 1143 2682 Heinsius.
1165 2630 1246 2679 Tarus
1263 2646 1330 2682 con.

316 2708 780 2779 senmunisilvesuesnitnryadn
824 2709 896 2762 venit
904 2708 1003 2761 fecibus
1012 2708 1160 2771 Furiarum,
1168 2705 1241 2779 quod
1249 2726 1330 2761 vene·

275 2788 424 2860 Nympho,
434 2806 550 2859 quarum
563 2788 642 2840 etiam
653 2788 736 2840 fatum
745 2786 778 2841 ad
823 2798 883 2841 nats
894 2800 920 2839 et
927 2789 988 2840 meli
998 2786 1094 2840 ominis
1100 2788 1180 2839 arbor
1188 2800 1236 2839 est.
1249 2787 1329 2859 Apud

274 2870 381 2921 arbores
392 2866 526 2936 alligatum
540 2884 596 2919 esse
607 2866 779 2936 fingebatur3
823 2866 887 2920 Stat.
905 2866 991 2921 Theb.
1012 2866 1065 2931 XI,
1085 2864 1137 2934 93,
1151 2868 1329 2938 conqueritur

274 2965 327 3019 quo
347 2956 472 3015 respectu
491 2944 660 3016 appellantur
681 2944 778 2997 Hama-
823 2946 953 3021 Megaera,
968 2946 1036 2998 hebet
1054 2947 1131 3013 insero
1147 2947 1207 2999 celo
1228 2948 1325 3009 Tarus,

273 3024 396 3096 dryades.
417 3029 497 3096 Λρῡς,
514 3020 588 3075 unde
608 3041 710 3075 nomen
730 3025 778 3076 ha·
822 3026 914 3079 inferis
933 3038 995 3078 nate
1010 3038 1036 3078 et
1056 3022 1164 3079 adsueta
1180 3026 1237 3091 fax,
1256 3025 1328 3098 apud

274 3108 355 3169 bent,
363 3121 493 3176 quercum
504 3102 615 3174 proprie
625 3102 774 3173 significet:
818 3122 933 3176 superos
941 3106 994 3159 vim
1001 3122 1074 3158 suam
1085 3104 1185 3176 perdit.
1196 3106 1231 3159 V.
1238 3105 1325 3159 Schol.

272 3184 321 3239 sed
329 3186 409 3238 latius
417 3195 510 3255 patere
518 3199 617 3233 nomen
625 3181 690 3234 inde
697 3182 777 3235 etiam
820 3184 848 3237 F
846 3188 905 3237 urin
913 3186 943 3237 de
954 3197 1011 3237 taso
1024 3182 1108 3237 arbore
1118 3184 1231 3237 dicuntru
1240 3186 1326 3237 tatere

272 3260 525 3334 intelligitur,quod
533 3256 654 3331 ἀκρόδρυα
664 3262 776 3315 alierum
815 3265 892 3331 sares.
900 3264 1000 3317 -MS.
1010 3284 1104 3316 armare
1113 3306 1119 3329 ,
1128 3266 1325 3318 animarumlln.

273 3360 383 3415 quoquc
405 3342 508 3393 fructus
527 3342 653 3396 arborum
669 3352 774 3394 notant.
860 3343 926 3414 387.
938 3344 1024 3397 Cadmi
1032 3348 1130 3406 moerria,
1142 3344 1325 3397 Thebasthes·

270 3422 334 3475 Huc
354 3421 435 3492 igitur
454 3419 582 3471 silvestria
599 3418 709 3472 numina
728 3419 776 3474 do-
819 3436 890 3476 trum
905 3424 1065 3495 tragicorum
1082 3424 1209 3477 scelerum
1224 3424 1252 3475 in
1265 3424 1326 3476 filiis

270 3498 773 3569 lentablutispulcherrimisnrboribus.
819 3500 936 3574 OEdipi:
952 3504 1072 3573 Mycenis
1089 3503 1223 3557 celebrata
1241 3503 1325 3573 epulas

200 3574 206 3591 '
312 3583 373 3639 ste.
388 3580 460 3631 herm
472 3578 545 3629 soluti
557 3579 643 3631 crines
652 3577 774 3632 indicant
821 3582 976 3651 Thyesteas,
990 3582 1131 3654 dequibus
1145 3582 1221 3645 adl,
1240 3601 1304 3652 ¹7¹·

270 3657 465 3716 vehementiam
471 3669 572 3723 motus,
581 3656 691 3711 adverso
697 3676 774 3711 mon·
859 3660 923 3731 389.
944 3663 1056 3714 Tenebroe
1069 3662 1214 3715 inferorum
1227 3674 1254 3714 et
1267 3662 1323 3713 Ma·

269 3756 295 3795 te
307 3738 438 3795 currentis
446 3737 560 3789 Cereris.
570 3738 679 3790 Anlrelus
689 3758 770 3801 mons,
817 3760 857 3793 nes
868 3739 1053 3795 defunctorum
1063 3742 1123 3793 dant
1135 3742 1210 3795 locum
1220 3738 1325 3794 descen-

268 3840 324 3873 non
341 3831 447 3873 tantum
466 3829 497 3869 ut
513 3817 609 3885 pallida
626 3837 703 3881 mors,
723 3818 773 3887 qui
816 3816 892 3872 denti
903 3819 937 3873 ad
946 3821 1137 3892 Phlegethonte
1149 3819 1258 3873 fluvium
1270 3820 1324 3871 Me·

268 3899 411 3953 anhelitum
435 3907 525 3959 moret
550 3895 770 3959 ascendentibus,
815 3916 893 3969 garae.
908 3900 978 3953 Huic
987 3900 1084 3970 plantas
1087 3902 1197 3967 serratus
1211 3900 1322 3962 tribuit,

269 3977 487 4034 ‚edefflauscum
498 3975 572 4032 fumo
584 3977 672 4048 iguem
683 3980 770 4029 AEtue.
813 3978 842 4030 h.
867 3996 889 4029 e.
913 3980 1026 4047 ferreas,
1044 4000 1104 4052 quae
1126 3979 1183 4032 ludi
1207 3981 1240 4032 ab
1262 3979 1322 4049 igue

306 4060 370 4114 386.
387 4055 502 4107 Animam
516 4069 555 4108 est
568 4053 727 4119 accendere,
741 4068 771 4107 ut
815 4076 869 4109 non
894 4061 1004 4129 possint.
1027 4091 1067 4101 -
1090 4058 1199 4129 Megara
1223 4058 1319 4111 dicitur

266 4140 348 4209 vulgo
362 4138 440 4188 cicere
459 4134 527 4203 ignis
542 4133 659 4193 dicitur:
673 4148 699 4189 et
715 4136 771 4207 ipsa
815 4138 919 4197 ἀπὸτοῦ
934 4144 1070 4211 myrthus,
1087 4138 1188 4193 incidere
1197 4176 1207 4209 ,Ι
1222 4148 1249 4193 et
1260 4134 1321 4195 ideo.
