3034 4900
391 515 461 582 un
488 515 562 583 cn.
591 513 911 584 catuniano.
1114 513 1186 614 347

190 645 297 740 1734.
317 649 473 730 Pataui,
495 643 528 714 8.
548 642 598 714 Cl.
617 668 690 740 que
707 657 856 730 exstant,
875 646 947 716 Nic.
966 648 1128 716 Hemu‘us
1145 651 1188 718 D.

128 751 175 823 fil.
193 752 371 840 recensuit,
388 775 428 820 ac
443 765 538 820 notas
555 748 696 839 addidit,
711 751 829 845 quibus
844 749 1006 822 accedunt
1021 754 1187 824 variorum
1284 775 1289 780 ·

127 857 384 944 Commentarii3
405 855 515 926 addita
535 856 669 928 suntad
688 856 812 928 calcem
831 872 985 951 poemata
999 859 1114 930 incerti
1131 881 1188 948 aar·

126 966 249 1051 cteris,
266 965 302 1033 11
318 964 408 1033 tomi.

181 1073 213 1140 S.
229 1093 259 1138 a.
273 1083 308 1138 et
320 1069 375 1138 fol.
390 1069 426 1138 in
440 1067 489 1139 Cl
505 1071 686 1140 Hermann.
701 1071 881 1157 ametro,
899 1069 1056 1141 Coloniae.
1191 1037 1200 1053 ἱ

188 1171 295 1272 1759.
313 1172 362 1245 Cl.
378 1173 550 1246 Claudiani
566 1199 639 1268 quae
655 1189 799 1264 exstant,
816 1177 971 1248 varietate
989 1175 1136 1247 lectionis
1154 1192 1188 1246 et

125 1295 289 1376 perpetua
303 1281 517 1351 annotatione
531 1277 693 1352 illustrata
707 1305 726 1350 a
743 1283 794 1354 lo.
813 1279 932 1352 Matth.
952 1285 1113 1372 Gesnero,
1133 1305 1187 1352 ac·

124 1385 330 1458 cedit'lndex
342 1385 537 1456 uberrimus.
553 1389 641 1482 Lips.
658 1388 693 1456 in
705 1387 794 1458 offic.
809 1387 984 1474 Fritschia,
1000 1389 1033 1459 8.
1047 1391 1186 1458 Textum

34 1530 39 1537 ·
124 1492 275 1588 sequitur
291 1493 403 1561 Heins.
423 1491 606 1586 etquidem
626 1493 788 1590 exipsius
806 1493 957 1590 exemplo
978 1495 1098 1591 prioris
1119 1494 1193 1564 edi-2

124 1599 228 1668 tionis
251 1591 358 1693 (quod
377 1598 582 1667 emendatius
602 1598 664 1668 sub
684 1598 787 1669 oculis
811 1601 972 1670 Gronovii
993 1593 1187 1688 excusum),

123 1705 261 1773 mutatis
280 1701 380 1772 modo
397 1701 460 1774 illis
475 1703 574 1791 locis,
587 1729 671 1799 quos
690 1706 761 1800 ipse
781 1707 814 1774 in
836 1703 986 1776 secundis
1007 1708 1094 1776 curis
1114 1729 1186 1775 mu·

122 1811 189 1879 tari
209 1809 352 1902 jusserat
375 1809 549 1897 Heinsius,
573 1823 632 1878 aut
652 1811 686 1878 in
709 1810 829 1905 quihus
854 1811 896 1879 ab
921 1810 977 1880 illo
1001 1810 1187 1882 discedendi

118 1915 279 2008 justas‘se
293 1937 408 1986 causas
422 1913 546 1985 habere
562 1929 695 2011 putaret
702 1918 743 1985 V.
756 1918 797 1986 C.
812 1941 892 2011 quas
906 1916 1084 1988 adnotavit
1097 1920 1189 1986 Inter

122 2036 254 2092 textum
265 2033 298 2090 et
309 2034 405 2091 notas
415 2011 576 2116 (egregias
587 2021 721 2115 quidem
733 2019 805 2092 illas
816 2036 850 2091 et
860 2021 990 2112 doctas,
1002 2037 1036 2092 ct
1049 2023 1090 2093 ad
1103 2023 1188 2092 bene

121 2124 371 2221 intelligendum
388 2143 520 2221 poetam
537 2119 757 2222 comparatas)
774 2128 1000 2224 interpositam
1015 2129 1117 2198 hahet
1132 2151 1187 2196 va·

121 2235 274 2304 rietatem
291 2228 438 2302 lectionis
451 2232 639 2321 meliorem,
652 2235 780 2303 insertis
791 2235 922 2328 judiciis
936 2235 1074 2321 criticis,
1088 2235 1186 2303 etiam

122 2338 323 2432 conjecturis
340 2338 536 2432 quibusdam
556 2339 765 2410 Criticorum.
789 2341 959 2410 Praemissa
981 2355 1058 2410 sunt
1075 2338 1185 2409 Prole·

121 2468 267 2542 gomena
283 2445 417 2541 copiosa
432 2460 466 2516 et
482 2444 609 2515 erudita
626 2444 668 2515 de
685 2448 784 2515 rebus
803 2448 956 2518 omnibus
972 2445 1014 2517 ad
1032 2444 1185 2517 Claudia·

121 2578 205 2622 num
223 2554 347 2646 ipsum,
360 2551 431 2645 ejus
447 2553 594 2623 carmina
609 2566 644 2621 et
656 2550 815 2623 editiones
831 2552 1079 2648 pertinentibus.

181 2656 292 2753 1760.
302 2656 352 2727 Cl.
364 2655 537 2729 Claudiani
546 2661 660 2753 Opera
670 2682 744 2753 qum
754 2660 1018 2743 exstant‚omnia
1029 2658 1072 2727 ad
1083 2682 1184 2727 mem·

121 2764 301 2833 branaium
317 2761 416 2835 fidem
433 2766 605 2860 castigata,
622 2788 699 2834 cum
716 2766 803 2833 notis
820 2765 955 2860 integris
972 2763 1090 2847 Delrii‚
1104 2762 1184 2834 Cla-

123 2871 222 2958 verii,
235 2870 440 2965 Dempsteri,
457 2870 660 2940 auctioribus
672 2872 745 2939 Nic.
760 2872 901 2960 Heinsii,
911 2886 945 2941 et
958 2868 1085 2941 ineditis
1098 2871 1185 2939 Petr.

122 2981 322 3046 Burmanni.
339 2976 478 3046 Accedit
495 2974 619 3071 sylloge
636 3000 723 3045 varr.
743 2974 818 3045 lect.
841 3002 881 3045 ex
901 2978 1026 3070 ingenti
1043 3000 1183 3045 numero

122 3083 216 3151 Μᾶἳ.
232 3106 253 3150 a
267 3080 340 3151 llic.
355 3083 490 3153 Heinsio
505 3079 702 3152 collatorum
717 3080 865 3175 digesta:
885 3081 1095 3175 subjungitur
1109 3084 1183 3151 La-

122 3191 249 3257 ctantit'
257 3186 361 3279 elegia
371 3186 412 3257 de
424 3188 598 3275 Phoenice,
606 3184 707 3282 vulgo
718 3183 903 3256 Claudiano
916 3186 1096 3281 adscripta,
1107 3212 1182 3257 cum

123 3296 211 3363 curis
229 3290 380 3363 secundis
396 3296 468 3364 Nic.
484 3298 620 3383 Hermai
633 3306 667 3362 et
681 3292 792 3362 adnot.
809 3294 896 3363 Petr.
916 3298 1105 3363 Burmamti
1118 3318 1182 3362 sec.

123 3402 229 3471 Amet
248 3402 282 3485 4.
303 3398 389 3467 Petr.
408 3402 632 3487 Burmannus,
649 3414 700 3469 tot
713 3400 819 3493 poctis
835 3414 871 3470 et
884 3398 955 3470 aliis
970 3399 1185 3495 scriptoribus

124 3503 219 3575 editis
235 3504 360 3591 clarus,
381 3505 479 3575 etiam
496 3504 714 3578 Claudianum
735 3504 832 3575 edere
850 3505 955 3577 voluit
971 3530 1047 3575 cum
1067 3504 1133 3575 suis
1152 3517 1187 3571 et

125 3611 251 3680 Heinsii
263 3623 297 3680 ct
309 3623 503 3679 caeterorum
517 3614 623 3681 notis:
635 3636 703 3704 quo
715 3624 792 3680 ante
807 3636 891 3706 opus
902 3610 1027 3679 editum
1039 3624 1188 3695 mortuo,

125 3739 194 3785 rem
219 3718 363 3811 suscepit
382 3741 401 3785 e
421 3715 523 3785 fratre
544 3742 669 3812 nepos,
692 3718 749 3811 qui
771 3732 806 3786 et
828 3719 898 3811 ipse
922 3714 1046 3786 addidit
1066 3714 1185 3802 multa,

125 3820 243 3913 quibus
256 3820 439 3893 Claudiano
453 3821 644 3917 prodesset:
658 3822 821 3917 imprimis
833 3820 921 3891 illam
935 3821 1082 3915 syllogen
1088 3824 1176 3891 Varr

126 3926 217 3999 lect.
240 3943 274 3997 et
297 3942 393 3999 notas
415 3928 458 3998 ad
480 3928 677 4016 Phoenicen,
700 3928 819 4023 quibus
840 3941 875 3997 et
897 3926 1188 4023 Oudendorpianae

125 4031 253 4103 inserte)
272 4047 358 4103 sunt.

1215 834 1276 894 ,a
