3034 4900
299 476 373 548 382
550 480 625 548 CL.
654 478 961 549 CLAUDIANI
988 483 1105 550 LXX.

302 656 1362 684 mmmmmssmm

773 874 888 948 LXX.

296 1107 527 1154 1111111011
540 1106 627 1165 som
644 1106 744 1155 enen
759 1106 865 1154 mssa
879 1102 1043 1155 nouoero
1060 1109 1145 1157 auc.
1161 1110 1185 1157 a
1201 1080 1368 1159 sennua*

297 1266 484 1387 Acmen
504 1335 608 1407 parva
625 1325 710 1400 ture,
730 1312 888 1407 Pn'nceps
909 1313 1116 1403 venerande,
1134 1316 1257 1385 sororis

346 1420 507 1507 Munera,
523 1444 597 1513 qnae
618 1418 772 1489 manibus
790 1420 895 1489 texuit
914 1419 986 1515 ipsa
1006 1420 1082 1490 suis.

293 1529 454 1621 Dumque
471 1550 555 1595 auro
572 1524 736 1620 phalerae,
752 1526 894 1623 gemmis
908 1526 989 1595 dum
1011 1525 1106 1596 bena
1123 1526 1291 1617 renident,

346 1636 420 1703 Hac
441 1646 575 1701 uterum
589 1654 674 1703 zona
692 1633 789 1728 cinge
807 1632 977 1703 frementis
994 1634 1080 1729 equi.

293 1741 374 1809 Sive
391 1736 485 1809 illum
506 1740 672 1810 Armeniis
689 1738 844 1809 aluerunt
861 1742 1011 1834 gramina
1030 1741 1173 1837 campis,
1352 1768 1365 1809 1

345 1845 513 1916 Turbidus
535 1848 654 1942 Argaea
673 1870 731 1917 seu
752 1846 830 1916 nive
851 1846 932 1931 lauit
951 1845 1071 1941 Halys3

292 1954 482 2049 Sanguineo
503 1954 624 2023 virides
644 1978 761 2023 morsu
781 1978 901 2024 vexare
923 1952 1133 2049 smaragdos,

342 2062 388 2130 Et
404 2062 506 2155 Tyrio
522 2058 661 2156 dignum
679 2076 774 2156 terga
789 2059 909 2131 rubere
927 2074 1014 2132 toro.

291 2168 325 2235 Ο
345 2182 509 2263 quantum
527 2167 645 2238 formae
663 2168 725 2237 sibi
747 2170 899 2239 conscius
921 2169 1019 2264 erigit
1041 2192 1168 2253 armos,

343 2274 478 2371 Spargil
495 2288 529 2343 et
547 2276 692 2345 excussis
710 2274 797 2345 colla
814 2274 957 2371 superba
971 2270 1076 2371 jubis!

330 2466 342 2492 '
359 2477 400 2530 Da
413 2477 520 2548 phalea
537 2480 593 2550 equi
606 2478 669 2550 regii
681 2497 698 2528 a
713 2475 806 2530 Serena
850 2475 953 2530 Tabula
964 2475 1092 2530 ostendit.
1101 2473 1362 2541 IllumStraboXII‚

291 2558 384 2620 abab,
396 2557 479 2610 Vien.
491 2557 637 2611 deFallera's
649 2559 717 2630 equi,
727 2557 804 2611 Junt.
848 2575 875 2628 p.
892 2575 959 2627 270,
976 2561 1023 2622 46,
1036 2556 1137 2610 πάντων
1145 2555 1297 2624 ὑψηλότατον
1314 2575 1362 2608 vo-

335 2636 643 2704 1.serena,stilicbonis
653 2655 731 2702 uxor,
742 2634 805 2689 ado·
847 2647 903 2700 cat,
915 2635 957 2688 xci
973 2637 1129 2688 ἀνέκλειπτον
1145 2635 1205 2701 χιόνι
1221 2636 1265 2691 τήν
1281 2635 1361 2706 ἀκρό-

290 2727 364 2786 puta
381 2735 396 2769 a
412 2730 509 2788 paam
526 2736 575 2770 sao
590 2715 745 2770 Theodosio
760 2717 801 2768 M.
846 2734 911 2786 ριιαν
926 2715 979 2782 [χον
992 2734 1016 2766 κ.
1028 2736 1052 2768 τ.
1062 2721 1085 2766 λ.
1099 2712 1250 2765 Armeniam
1260 2716 1361 2784 pariter

289 2793 329 2847 aie
347 2796 414 2848 lacta
435 2809 474 2850 eat
495 2815 572 2850 soror
592 2796 716 2850 Honorii.
735 2793 802 2850 vid.
847 2807 874 2846 et
889 2791 1087 2865 Cappadociam
1102 2788 1268 2862 Lydiamque
1286 2793 1362 2866 equis

289 2874 358 2928 Τὼ.
375 2874 661 2928 Gen-Memoranda
675 2875 754 2928 MSS.
845 2870 981 2927 abundare
999 2891 1031 2926 ex
1048 2871 1159 2925 historia
1175 2871 1255 2924 etiam
1274 2873 1359 2928 bello·

330 2959 357 3018 4.
369 2954 462 3008 Minna
473 2953 593 3007 offendet
603 2967 693 3019 aterio,
705 2955 728 3008 si
742 2955 803 3026 quie
844 2971 906 3006 rum
917 2965 1012 3007 notum
1026 2965 1074 3010 est.
1088 2951 1168 3006 Cous.
1179 2951 1247 3018 XX,
1265 2960 1319 3018 114
1332 2963 1359 3006 et

289 3034 442 3088 meminerit
449 3051 543 3087 cavum
552 3052 661 3106 quoqne
667 3034 730 3106 eqni
736 3033 803 3088 Tro·
845 3051 907 3086 mox
918 3033 1050 3099 LXXIII,
1064 3031 1089 3086 ⁵.
1099 3063 1137 3073 -
1149 3031 1273 3102 Turgldas
1285 3033 1355 3104 conj.

287 3113 343 3183 jani
353 3127 444 3167 menan
459 3114 562 3179 vocari,
575 3117 636 3167 AEn.
647 3116 689 3180 11,
707 3133 760 3181 ao;
776 3126 802 3168 et
844 3113 937 3167 Helua.

287 3193 348 3246 dolel
367 3193 439 3267 apud
457 3193 634 3248 Columellam
652 3195 697 3262 II,
719 3199 751 3259 4,
774 3193 801 3259 5,
886 3211 913 3264 7.
929 3192 1082 3246 Formulam
1094 3210 1184 3245 veaare
1202 3191 1276 3245 frena
1295 3191 1355 3244 illn-

287 3275 356 3325 aava
370 3273 444 3344 apud
457 3273 521 3326 Tac.
537 3275 589 3327 An.
603 3274 646 3338 11,
663 3277 690 3332 6,
709 3293 724 3326 1
741 3285 801 3327 ute·
844 3283 909 3326 strat
925 3270 1052 3326 Oudend.
1069 3271 1103 3326 ad
1115 3273 1214 3326 Lucan.
1226 3271 1277 3337 IV,
1296 3269 1352 3340 7⁵¹·

286 3367 349 3404 rum
368 3372 424 3407 ease
443 3371 493 3424 pro
511 3364 614 3406 venue.
635 3352 689 3406 sed
711 3365 799 3406 tamen
844 3353 923 3407 Conl.
934 3353 1071 3407 Drakenb.
1084 3350 1117 3405 ad
1130 3350 1176 3405 Sil.
1187 3353 1223 3416 V,
1239 3357 1304 3420 ¹47·
1315 3378 1354 3391 -·

286 3429 361 3502 apud
382 3432 431 3485 boe
450 3430 635 3486 consideratur
653 3445 747 3488 venter
769 3445 800 3486 ut
845 3433 948 3484 Versare
968 3444 1028 3486 ante
1048 3431 1140 3485 Heius.
1159 3451 1248 3482 oetam
1265 3429 1353 3498 conje-

285 3527 382 3564 oavnm
399 3511 541 3584 quiddam,
555 3511 632 3583 quod
647 3513 698 3567 alia
711 3513 800 3566 conti·
843 3525 914 3566 cerat
925 3513 1009 3566 Gron.
1024 3531 1057 3565 ex
1069 3513 1169 3565 Lucan.
1182 3512 1233 3576 IV,
1245 3507 1313 3579 751,
1328 3517 1353 3557 et

284 3603 340 3645 net.
369 3591 443 3658 Quin
475 3590 615 3646 manifesta
643 3593 799 3664 metaphora
843 3592 932 3646 firmet
944 3612 960 3646 e
973 3591 1050 3645 MSS.
1065 3591 1157 3645 Heius.

283 3689 367 3744 equus
380 3673 532 3745 Troianus,
544 3691 570 3727 v.
591 3674 666 3740 238,
681 3674 800 3727 Machina
884 3675 911 3728 8.
923 3673 1000 3725 Torua
1008 3672 1052 3726 hic
1059 3669 1170 3740 intelligi
1178 3667 1256 3721 debet
1262 3665 1353 3738 ephip-

279 3753 370 3819 saealb
385 3754 441 3820 seta
463 3757 536 3805 arme's
556 3765 668 3807 vocatur
691 3773 698 3806 :
720 3753 799 3825 quale
842 3753 919 3824 pium
942 3757 1072 3824 quatenus
1091 3749 1214 3803 elinllnm
1234 3757 1274 3800 est
1292 3743 1351 3798 setis

285 3831 352 3902 quid
370 3833 416 3887 bic
434 3833 526 3887 locum
545 3833 707 3887 nonhabet.
727 3833 798 3885 Hinc
843 3831 1012 3904 equinis,vel
1026 3843 1232 3902 quacumquere
1243 3823 1275 3878 ad
1286 3824 1351 3876 mol·

284 3913 408 3985 restringi
429 3915 525 3977 velim,
546 3931 606 3984 qna
628 3911 663 3966 ed
685 3912 797 3978 XXVI,
841 3912 902 3965 liter
911 3908 1057 3966 sedendum
1066 3905 1275 3981 apta.Conf.X,
1289 3903 1351 3966 150,

287 3993 363 4054 260,
378 3994 459 4062 paulo
471 3993 606 4047 liberalius
618 3991 775 4046 dictasunt.
842 3991 889 4045 nbi
900 3990 1019 4046 Tritonis
1031 4003 1100 4059 terga
1115 3987 1246 4058 rumano
1261 3983 1352 4036 mollita

324 4072 451 4140 uArgoei,
458 4069 636 4144 Cappedocia
642 4072 751 4136 montis,
762 4069 796 4124 ad
844 4075 909 4124 toris.
920 4103 960 4114 —
971 4071 1048 4124 Crono
1059 4069 1129 4139 vulg.

285 4147 482 4221 rsdiceellulyn
491 4153 556 4204 oriri
563 4152 643 4205 etiam
650 4151 799 4205 Cellariana
888 4170 930 4205 10.
947 4151 1049 4222 Sparglt
1063 4159 1089 4199 nt
1101 4165 1162 4200 cum
1178 4141 1350 4198 admiratione
