3034 4900
294 460 364 531 126
499 462 573 531 CL.
602 458 905 532 CLAUDI'ANI
932 466 1128 535 XXVIII.

286 596 408 663 Nonne
429 591 528 662 semel
548 594 708 687 sprevisse
726 607 777 662 sat
796 608 868 679 est,
885 620 988 688 quum
1006 596 1131 665 reddita
1150 596 1241 667 bellis

287 700 399 770 Africa
418 700 548 768 venturi
568 699 645 768 lusit
663 723 720 793 spe
735 700 893 794 Principis
911 702 1063 771 Urbem?

286 809 358 876 Nec
379 807 478 876 duras
497 806 596 874 tantis
616 806 770 900 precibus
792 809 1016 900 permovimus
1037 808 1153 879 aures?

286 916 347 981 Ast
364 938 427 1008 ego
448 912 618 981 frenabam
642 914 808 1005 geminos,
826 913 945 1007 quibus
966 912 1063 983 altior
1080 918 1164 1002 ires,

286 1018 391 1088 Electi
412 1018 563 1087 candoris
581 1042 702 1112 equos,
721 1032 755 1086 et
776 1020 917 1089 nominis
937 1044 1050 1088 arcum
1309 1050 1348 1105 ³70

285 1128 359 1194 Jam
376 1123 490 1194 molita
507 1126 572 1211 tui,
586 1148 647 1219 per
668 1148 767 1218 quem
787 1123 935 1194 radiante
957 1125 1095 1197 decorus

285 1231 500 1325 Ingrederere
515 1245 610 1326 toga,
627 1255 748 1327 pugnae
765 1246 979 1301 monumenta
996 1232 1163 1318 dicabam,

286 1337 465 1406 Defensam
488 1336 584 1405 titulo
605 1336 745 1430 Libyam
768 1351 885 1407 testata
904 1339 1048 1433 perenni.

285 1447 425 1538 Jamque
445 1443 648 1536 parabantur
669 1467 800 1538 pompae
819 1440 993 1512 simulacra
1014 1444 1131 1513 futurae

285 1552 426 1643 Tarpeio
442 1548 621 1644 spectanda
634 1550 729 1651 tovi,
744 1547 858 1618 caelata
875 1548 1007 1619 metallo

286 1656 406 1725 Classis
422 1669 460 1723 ut
475 1669 592 1723 aurato
608 1654 752 1724 sulcaret
767 1656 890 1751 remige
906 1655 1047 1743 fluctus,

286 1764 335 1829 Ut
349 1760 493 1855 Massyla
508 1775 584 1830 tuos
599 1764 764 1830 anteirent
780 1761 902 1856 oppida
918 1786 1052 1850 currus,

287 1866 496 1962 Palladiaque
511 1891 624 1936 comas
639 1869 778 1936 innexus
795 1864 957 1937 arundine
974 1870 1091 1937 Triton

331 2065 397 2117 aas.
411 2032 516 2114 rani,
530 2061 644 2132 rupem
663 2061 796 2129 nouom,
882 2062 1079 2130 annaeus
1092 2076 1164 2133 aga,
1183 2064 1285 2128 oasa,
1301 2082 1350 2117 aa

289 2144 356 2197 bun
368 2156 462 2195 contra
474 2138 617 2195 Gildonem
630 2141 725 2212 gestis,
737 2160 797 2213 qun
842 2154 913 2195 reste
926 2142 1060 2195 consulari
1076 2161 1140 2196 auro
1154 2144 1262 2197 intexta.

288 2220 799 2288 alienatailliusrebellionefnerst,Asri·
883 2220 949 2292 375.
977 2224 1092 2293 Tarpeius
1114 2224 1221 2297 Jupiter
1241 2236 1280 2277 est
1299 2224 1349 2276 Ca·

289 2324 326 2357 eu.
335 2304 386 2355 Per
394 2302 462 2354 hanc
470 2300 633 2353 occasionem
642 2302 798 2371 sperabatur
841 2300 987 2371 pitolinus,
1004 2300 1076 2373 quod
1096 2305 1227 2375 ternplum
1246 2304 1273 2355 in
1289 2321 1350 2355 saxo

290 2382 418 2437 adrentus
427 2380 599 2452 imperatoris
608 2379 635 2431 in
648 2380 758 2432 Urbem.
841 2380 958 2452 Tarpeio
970 2380 1125 2435 edificatum
1141 2396 1215 2435 erat:
1230 2382 1257 2434 in
1271 2382 1350 2453 hujus

324 2459 797 2537 367.Asrice,·quumAfrics1-eceptu
843 2462 973 2533 templum
1006 2461 1222 2532 ingrediebantur
1254 2463 1350 2514 trium-

290 2556 345 2602 est,
365 2541 436 2594 victo
457 2537 586 2603 Gildone,
605 2536 702 2592 dedisti
722 2558 799 2611 spem
842 2540 954 2611 phantes
971 2558 978 2592 :
995 2541 1203 2612 praeferebantur
1217 2553 1304 2593 eutem
1320 2541 1349 2593 in

290 2618 416 2678 veniendi
431 2621 460 2679 in
474 2619 592 2684 Urbem,
606 2632 633 2673 et
649 2631 737 2672 temen
749 2620 799 2674 hae
842 2619 961 2686 ferculis,
975 2621 1063 2673 autin
1079 2621 1201 2674 curribus
1220 2619 1351 2672 veheban-

291 2723 338 2777 spe
359 2700 465 2772 decepti
486 2717 578 2752 sumus
599 2717 606 2751 :
626 2718 714 2771 neque
733 2701 800 2754 ullas
842 2713 886 2751 tur
904 2698 1043 2752 simulacra
1058 2700 1180 2766 urbium,
1200 2717 1349 2771 pugnarum

292 2785 352 2838 ideo
365 2781 486 2853 querelas
498 2777 624 2832 fudimus.
668 2811 673 2816 ·
842 2790 891 2831 etc.
906 2778 1016 2842 Quinct.
1029 2779 1083 2844 VI,
1098 2778 1124 2845 3,
1139 2783 1155 2832 6
1170 2797 1177 2831 :
1193 2804 1204 2827 ι
1219 2779 1348 2851 Chrysip·
1451 2806 1457 2818 ·

332 2859 593 2932 369.E30,Roms,
607 2860 660 2929 jem
673 2859 799 2929 parabam
841 2875 908 2929 pus,
928 2875 1012 2929 quum
1032 2859 1060 2910 in
1084 2858 1221 2931 triumpho
1241 2859 1350 2912 cesaris

290 2950 385 3017 jugum
396 2957 526 3011 equomm
537 2935 726 3001 candidorum,
740 2938 801 3009 qui·
842 2937 938 2990 eborea
952 2936 1049 3010 oppida
1065 2951 1152 2991 essent
1167 2938 1307 3000 translata,
1323 2951 1350 2991 et

291 3024 379 3080 busin
391 3019 528 3090 triumpho
539 3031 653 3071 uterere.
662 3017 754 3089 Ipsum
765 3021 800 3068 ire
841 3031 903 3088 post
918 3015 974 3070 die's
988 3033 1088 3090 paucos
1103 3019 1178 3072 Fabii
1191 3019 1300 3071 Maximi
1316 3019 1348 3070 li-

292 3107 364 3158 attin
375 3102 402 3154 in
412 3117 481 3171 equo
489 3098 533 3150 vel
541 3099 569 3150 in
578 3115 659 3149 curru
666 3100 720 3168 jam
730 3115 801 3150 sum·
843 3115 925 3168 gree,
938 3097 994 3151 brec
1011 3098 1099 3152 thecas
1118 3117 1172 3152 esse
1186 3097 1349 3172 oppidorum

291 3203 366 3239 mum
375 3178 509 3251 fastigium
521 3177 737 3248 notabat,quum
748 3177 800 3248 ipsi
843 3177 952 3230 Caesaris
964 3175 1040 3232 dixit.
1053 3203 1064 3225 ι

201 3253 206 3260 ’
292 3245 469 3334 Imperatores
485 3256 600 3330 pedibus
614 3257 668 3309 suis
683 3257 754 3309 irent
770 3257 799 3308 in
885 3257 1067 3325 376.Aurutus
1076 3255 1347 3330 remee,splendidum

292 3345 368 3397 Urbe
380 3338 522 3393 ordinarie.
534 3337 624 3408 Pergit
637 3338 734 3388 Roma:
745 3339 801 3408 jam
844 3337 1038 3407 spectaculum
1056 3337 1150 3392 fluctus
1164 3357 1257 3392 aureos
1269 3353 1348 3390 nemo

293 3420 408 3475 medebor
418 3437 499 3469 areum
511 3415 699 3488 triumphalem
712 3419 802 3468 nomini
844 3415 920 3468 facile
935 3416 979 3468 hic
995 3430 1137 3489 exspectat.

291 3518 339 3558 tuo
351 3495 535 3552 dedicandum.
550 3497 625 3550 'felis
638 3496 801 3548 monimenta
894 3495 959 3565 377.
975 3496 1104 3550 Arreti-eut
1123 3497 1229 3569 oppidu
1249 3496 1349 3567 speeies

291 3575 802 3648 nonmodnaugehanttriumpbisplen·
843 3575 1020 3646 imaginesque
1040 3579 1170 3631 montium
1189 3577 1349 3648 urbiumque

293 3664 405 3723 dorem;
418 3657 464 3710 sed
474 3657 568 3718 titulo,
579 3657 626 3728 qui
636 3657 664 3708 iu
676 3657 800 3725 Zophom
843 3668 978 3726 captarum
990 3658 1216 3710 transferebantur
1228 3657 1256 3708 in
1270 3657 1348 3726 Capi·

292 3737 800 3800 scribebatur‚vietoriarumservabsnt
842 3734 1348 3809 toliurnpomputriumphali,etibide-

293 3821 457 3875 memoriam.
477 3817 536 3870 Hoc
556 3817 592 3868 ita
610 3834 680 3878 esse,
694 3815 740 3887 qui
755 3833 798 3868 su·
842 3811 1000 3867 dicabantur
1015 3813 1147 3887 ejusmodi
1163 3827 1347 3880 monumenta,

293 3914 405 3973 pereunt
418 3897 500 3951 hodie
512 3915 588 3949 ercus
601 3906 738 3948 testantur.
842 3911 923 3957 auro,
936 3907 1061 3964 argento,
1079 3913 1143 3960 ure,
1154 3895 1221 3948 citro
1234 3898 1295 3948 licta
1306 3895 1346 3945 vel

334 3975 800 4048 370.Areum:triumpbalisetcur-
842 3973 939 4026 celata.

291 4079 339 4115 rus
360 4070 386 4108 et
405 4071 481 4106 arcus
500 4056 623 4107 Honorio
644 4053 797 4108 destinatus.
890 4053 955 4122 378.
981 4055 1098 4107 Pellmlia
1123 4056 1238 4107 arundine
1264 4055 1346 4104 Triton

293 4173 331 4185 ..
338 4140 363 4192 E
364 4137 419 4189 lecti
424 4153 433 4194 ,⁴
448 4146 500 4185 tres
511 4135 611 4185 Electri.
841 4153 918 4184 comas
927 4135 1053 4198 innectit,
1064 4135 1081 4188 i.
1093 4149 1196 4207 sumptu
1205 4153 1235 4187 ex
1244 4134 1346 4186 Tritonis
