3034 4900
290 391 293 396 ’
381 437 452 506 ne
473 394 555 506 cr.
584 436 915 506 cnaunmuo.
1125 435 1199 510 333

129 573 267 659 Penstb,
288 573 322 656 d.
342 570 448 663 Cujus
463 567 652 665 exemplum
667 569 786 638 habuit
803 567 881 638 clar.
898 571 926 638 J.
946 571 983 637 Α.
1004 571 1151 656 Ernesti,
1168 583 1201 642 et

129 677 243 748 laudat
259 675 365 746 Catal.
384 676 466 745 Btbt.
487 673 613 746 Harles.
1177 663 1209 706 '¹'

188 782 297 856 1500.
315 782 504 852 Mediolon.
527 783 561 869 I,
583 781 794 852 Parrhasii:
817 779 866 850 Cl.
890 779 1064 852 Claudiani
1085 799 1198 878 raptus

129 889 335 984 Proserpinae
348 913 376 957 c.
392 914 425 956 n.
441 890 515 957 Iani
528 889 729 974 Parrhasii,
746 886 802 956 fol.
822 880 930 974 (Vide
941 889 1009 956 Jos.
1022 891 1099 958 Ant.
1114 893 1199 959 Saxii
1312 957 1317 990 :
1332 977 1333 980 Ἴ
1404 917 1406 922 ·

130 995 206 1065 hist.
221 995 509 1090 literariotypogr.
522 994 658 1064 Mediol.
669 1018 744 1088 pag.
755 985 994 1082 608-612.)
1007 995 1117 1065 Habet
1128 997 1198 1066 haec
1324 1003 1327 1010 '

130 1100 181 1170 cd.
198 1099 369 1196 epistolam
385 1105 422 1170 A.
437 1103 513 1170 Jani
527 1101 692 1170 Parrhasii
710 1100 752 1169 ad
770 1102 808 1170 C.
826 1097 1049 1170 Catullianum
1065 1103 1198 1172 Cottam

129 1207 410 1278 Mediolanensem
424 1208 614 1302 patricium,
629 1205 810 1276 Mediolani
827 1207 894 1274 VII
915 1205 1054 1275 Kalend.
1078 1211 1201 1278 lanua·

130 1314 195 1382 rias
214 1315 381 1409 scriptam.

189 1415 297 1492 1505.
311 1420 453 1489 Medul.
467 1423 515 1506 ΙΙ,
527 1419 708 1490 Por-taso·
720 1421 860 1506 auctior,
873 1417 926 1488 fol.
942 1423 995 1490 De
1008 1435 1106 1516 raptu
1119 1423 1199 1490 Pro·

131 1526 270 1620 serpinae
288 1551 316 1596 c.
336 1528 367 1593 J.
387 1526 570 1597 Parrhasii
585 1528 811 1596 Commentar.
834 1527 988 1619 Sequitur
1008 1552 1016 1594 :
1037 1526 1200 1623 Apologia

129 1632 206 1699 lani
221 1646 338 1699 contra
350 1632 608 1718 obtrectatores,
619 1656 679 1726 per
687 1634 824 1700 Furium
841 1619 975 1701 Vallum
993 1633 1200 1703 Ecbtizatum

131 1736 203 1830 ejus
213 1735 397 1806 auditorem
407 1765 417 1822 ;
429 1739 525 1833 impr.
540 1761 601 1832 per
611 1739 654 1806 Is.
669 1736 784 1831 Angel.
800 1740 1051 1825 Scinzenzelcr,
1066 1740 1127 1808 sub
1139 1742 1200 1810 im·

131 1843 242 1936 pensis
259 1845 310 1912 Jo.
331 1844 447 1914 Jacobi
463 1859 502 1932 et
521 1843 661 1912 fratrum
682 1843 724 1912 de
745 1845 881 1937 Ligano.
901 1843 1049 1940 Epistola
1069 1844 1200 1916 dedica·

130 1949 218 2017 toria
235 1948 312 2018 data
329 1965 380 2019 est
396 1950 440 2019 ad
455 1948 692 2044 amplissimum
710 1951 820 2016 virum
838 1948 1008 2036 lafrcdum
1026 1950 1201 2038 Carolum,

131 2052 271 2123 humani
285 2055 452 2151 divinique
463 2057 546 2150 juris
561 2053 860 2134 consultissimum,
878 2053 1099 2149 Delphinatus
1112 2081 1200 2152 prae·

132 2159 250 2248 sidem,
262 2164 522 2256 sanctissimique
532 2164 672 2232 Senatus
685 2161 865 2230 Insubrum
874 2162 1068 2257 principem.
1077 2163 1202 2234 Medio

18 2347 27 2356 .
132 2263 200 2335 lani
216 2266 322 2361 pridie
340 2266 433 2336 eidus
450 2268 656 2338 Decembris.

187 2373 427 2468 Subjungimus
442 2373 521 2444 buic
536 2375 624 2443 aetati
636 2373 719 2442 duas
733 2374 887 2442 carminis
906 2372 948 2442 de
962 2376 1003 2442 R.
1020 2377 1110 2444 Pros.
1128 2376 1201 2446 edd.

134 2502 158 2547 s.
181 2504 210 2547 a.
232 2479 377 2551 Niclasio
398 2496 623 2551 memoratas:

186 2588 219 2655 S.
243 2610 271 2654 a.
293 2590 439 2683 Lipsiae,
461 2591 495 2672 4.
519 2586 568 2658 Cl
594 2586 791 2681 opusculum
811 2585 853 2655 de
874 2602 973 2681 raptu
993 2590 1083 2657 Pros.
1108 2590 1204 2683 quale

133 2691 325 2780 invenitur,
349 2718 425 2763 nam
449 2693 602 2764 ultimum
625 2692 782 2762 volumen
804 2691 893 2787 apud
915 2718 977 2762 nos
999 2717 1068 2763 non
1089 2710 1204 2769 exstat.

133 2798 212 2867 Vid.
224 2801 275 2869 Jo.
288 2803 330 2869 H.
342 2799 514 2869 Leicbium
527 2800 568 2868 de
580 2801 662 2894 orig.
678 2815 713 2869 et
724 2800 861 2868 increm.
875 2814 1003 2894 typogr.
1016 2802 1203 2895 Lipsiensis.

187 2906 220 2972 S.
237 2929 265 2973 a.
284 2920 319 2975 et
335 2904 357 2974 Ι.
377 2905 432 2976 fol.
451 2905 626 2975 Claudiani
642 2903 743 2975 Siculi
759 2907 821 2973 viri
837 2907 996 2998 imprimis
1012 2906 1206 3001 doctissimi,

135 3006 177 3077 de
191 3023 291 3105 raptu
305 3014 396 3081 Pros.
411 3012 581 3107 Tragediae
595 3010 669 3079 duae
686 3010 837 3080 heroicae.
855 3014 909 3081 De
926 3012 1020 3103 cujus
1035 3011 1109 3081 libri
1125 3014 1206 3085 cha-

136 3129 266 3185 ractere
284 3116 473 3205 Maittario,
489 3142 566 3187 ann.
585 3133 652 3213 typ.
670 3132 751 3186 tom.
772 3119 809 3202 1,
827 3141 859 3211 p.
879 3112 972 3211 753,
992 3120 1207 3212 conjiciente,

137 3219 365 3292 characterem
380 3226 514 3294 loannis
532 3224 574 3293 de
587 3222 806 3317 Westphalen
823 3214 1043 3318 (typographi
1059 3224 1207 3298 Alostani

138 3326 173 3392 in
195 3320 369 3419 Flandria)
391 3328 494 3399 ferme
516 3330 627 3400 refert.
654 3330 816 3417 Quamvis
839 3344 950 3399 autem
976 3344 1043 3400 tres
1067 3330 1141 3402 libri
1165 3335 1206 3405 de

138 3430 179 3499 R.
197 3437 233 3502 P.
252 3436 288 3503 in
305 3434 388 3504 duas
407 3436 600 3530 tragoedias,
621 3450 810 3506 constantes
827 3436 933 3505 tribus
950 3438 1077 3506 actibus
1095 3439 1206 3533 singu-

138 3532 205 3622 las,
219 3538 396 3611 artificiose
417 3541 581 3611 distributi
603 3544 685 3628 sint,
698 3556 804 3635 poetae
825 3556 938 3611 tamen
959 3541 1059 3609 verba
1080 3543 1206 3639 integra

139 3661 315 3716 servantur
333 3647 482 3742 ordoque
502 3647 684 3718 inviolatus.

181 3800 267 3871 [ΜΗ.
277 3814 381 3885 Brnnet
394 3826 421 3866 et
432 3811 589 3876 Renouard,
599 3814 646 3884 qui
659 3824 707 3865 ont
715 3830 753 3865 vu
766 3824 834 3866 cette
847 3810 965 3869 edition,
974 3812 998 3863 le
1012 3812 1116 3867 croient
1129 3821 1210 3873 sortie

141 3902 175 3937 en
193 3890 284 3960 1473,
296 3898 313 3945 a
324 3893 451 3954 Utreeht,
463 3892 511 3946 des
522 3910 623 3963 presses
633 3891 667 3946 de
683 3893 783 3946 Neocles
794 3892 909 3943 Keteloer·
918 3903 945 3944 et
958 3890 1057 3945 Ge'rard
1064 3893 1094 3945 de
1105 3896 1210 3969 laempt.

182 3964 321 4025 Fabricius
331 3971 465 4044 possedeit
477 3990 531 4025 une
543 3970 673 4025 ancienne
686 3970 788 4025 edition
801 3960 876 4034 in-l⁰
888 3970 926 4023 du
936 3974 1022 4024 meme
1034 3980 1139 4043 po'e'me;
1151 3979 1214 4033 c’eit

143 4053 280 4114 peut-&tre
296 4050 363 4105 celle
382 4050 450 4106 dont
469 4052 544 4124 parle
563 4051 602 4104 M.
622 4053 740 4116 Brunet,
759 4069 865 4103 comme
882 4065 963 4124 ayant
980 4054 1020 4106 όῑέ
1041 4052 1179 4127 imprimee
1198 4064 1213 4121 ir

143 4122 270 4193 Peraeae,
285 4148 346 4183 sana
358 4150 421 4185 nom
436 4130 621 4203 d’imprimeur
636 4143 663 4184 et
677 4150 737 4184 sans
749 4129 818 4185 datr.
832 4125 873 4194 B.]
