3034 4900
300 440 347 535 78
534 440 608 507 en
637 440 942 511 sesumam
972 442 1117 509 xxvi.

296 570 446 639 Pulveris
466 570 657 664 ambiguam
676 571 799 641 nubem
823 571 1033 666 speculamur
1055 574 1098 641 ab
1117 573 1191 645 altis
1323 606 1360 649 m

296 677 474 763 Turribus,
491 676 623 762 incerti,
641 678 749 749 socios
769 693 924 773 apportet
941 704 983 747 an
1006 680 1117 749 hostes

295 783 356 853 Ille
372 782 513 878 globus:
529 798 673 855 mentem
690 809 846 879 suspensa
864 784 991 855 silentia
1009 784 1149 873 librant,

296 893 415 960 Donec
433 888 592 984 pulvereo
606 890 668 959 sub
687 891 819 961 turbine
836 891 950 961 sideris
968 894 1072 962 instar

295 998 441 1069 Emicuit
460 995 650 1066 Stilichonis
666 1021 767 1091 apes,
786 1014 819 1067 et
837 1000 970 1093 cognita
986 998 1077 1069 fulsit

296 1105 463 1175 Canities:
482 1106 594 1197 gavisa
614 1128 734 1198 repens
754 1130 816 1199 per
838 1106 959 1175 moeuia
978 1104 1104 1175 clamor

295 1208 450 1294 Tollitur,
470 1211 550 1281 lese
569 1206 697 1279 vaura!
721 1225 835 1305 portes
854 1234 970 1281 secura
991 1236 1052 1305 per
1073 1238 1186 1280 omnes

222 1342 227 1351 ·
294 1317 406 1385 Turba
426 1314 575 1386 salutatis
595 1315 779 1386 effunditur
794 1318 893 1386 obvia
913 1318 1020 1411 signis.

295 1425 372 1491 Non
387 1424 457 1516 jam
475 1420 621 1493 delectus
638 1424 768 1511 miseri,
787 1448 848 1493 nee
866 1422 950 1493 falce
970 1446 1030 1516 per
1048 1447 1145 1517 agros

294 1530 456 1623 Deposita
472 1528 619 1621 jaculum
636 1529 769 1599 vibrans
784 1527 928 1623 ignobile
945 1554 1090 1598 messor:

295 1637 367 1704 Nee
387 1649 493 1704 tentat
511 1633 662 1730 clypeum
676 1636 833 1730 projectis
850 1620 978 1705 suniere
996 1638 1111 1705 rustris

293 1739 428 1810 Bellona
448 1740 576 1809 ridente
594 1744 714 1826 Ceres,
734 1740 933 1834 humilisque
953 1765 1118 1811 novorum

292 1846 415 1916 Seditio
435 1845 579 1914 clamosa
596 1846 744 1915 dueum:
767 1846 824 1915 sed
846 1872 925 1915 vera
937 1848 1113 1940 juventus,

292 1956 400 2021 Verus
418 1952 538 2022 ductor
554 1951 668 2036 adest,
689 1966 724 2021 et
741 1952 854 2021 vivida
872 1956 990 2023 Martis
1006 1956 1126 2049 imago.

343 2062 506 2153 Prospere
525 2057 582 2127 sed
596 2072 757 2153 quantum
776 2074 896 2130 nostrae
915 2085 988 2155 spes
1006 2060 1116 2129 addita
1132 2063 1249 2147 menti,

291 2170 434 2236 Tantum
450 2180 605 2264 exempta
618 2167 712 2234 Getoe
726 2190 735 2248 3
750 2168 807 2261 qui
828 2168 950 2238 vertice
971 2169 1141 2261 proximus
1155 2169 1249 2235 astris
1317 2194 1355 2245 m

333 2358 397 2421 455.
414 2357 453 2409 De
470 2355 587 2427 pulveris
601 2354 687 2409 tutaci
701 2351 802 2407 indicio
887 2362 950 2417 466.
962 2356 1065 2409 Bellona
1074 2354 1144 2409 ridet
1157 2356 1279 2419 (burm,
1291 2356 1319 2409 h.
1329 2376 1352 2409 e.

293 2459 319 2491 v.
335 2436 368 2490 sd
383 2436 478 2503 ml,
495 2434 562 2504 398.
844 2437 974 2490 rusticum
987 2436 1063 2490 miles
1074 2453 1126 2506 pro
1139 2436 1205 2488 falce
1216 2455 1245 2488 ac
1254 2436 1354 2502 rastris,

333 2517 399 2586 457.
408 2515 451 2568 Ad
459 2535 570 2586 suspensa
582 2513 801 2586 appositendmo-
843 2515 961 2586 jaculum
973 2517 994 2568 si
1007 2528 1095 2574 sumat
1107 2528 1133 2568 et
1144 2515 1277 2587 clypeum.
1289 2515 1356 2568 Nori

292 2595 357 2650 dnm
365 2597 490 2650 convenit
498 2595 601 2658 hlium,
613 2607 644 2647 ut
653 2613 728 2649 meus
736 2613 801 2646 eon·
844 2595 884 2647 illi
903 2608 930 2648 et
946 2593 1063 2667 imperiti
1084 2595 1154 2646 duces
1172 2595 1252 2646 etiam
1270 2613 1353 2666 quum

291 2677 371 2748 cipiat
390 2676 533 2746 imaginem
553 2674 664 2727 bilancis
679 2671 801 2726 nondum
844 2673 972 2739 clamant,
989 2688 1016 2728 et
1028 2674 1147 2746 imperiis
1156 2674 1212 2726 suis
1222 2674 1276 2726 vini
1288 2691 1354 2727 voce

290 2755 472 2818 consistentis,
484 2753 530 2807 sed
541 2753 649 2808 alternis
659 2754 801 2806 momentis
843 2753 937 2806 volunt
959 2751 1075 2820 addere,
1097 2752 1200 2818 humile
1224 2751 1353 2825 quiddam

243 2899 246 2904 Ι
291 2837 344 2889 line
359 2836 422 2888 illuc
436 2836 565 2888 nutantis.
582 2835 633 2887 flio
651 2852 757 2898 versus,
775 2846 801 2886 et
842 2847 951 2898 sonant,
967 2848 997 2886 ut
1011 2832 1170 2886 seditionem
1188 2834 1279 2905 potins
1294 2845 1352 2888 tur-

291 2917 392 2988 aliquot
401 2926 538 2986 sequentes
546 2912 800 2984 divinisunt‚etop·
842 2912 982 2970 buleutam
1007 2910 1099 2966 audire
1122 2911 1243 2979 videare,
1270 2931 1352 2986 quarn

290 2996 362 3048 timis
374 2994 529 3066 virgilianis
544 2993 632 3047 nihilo
648 2992 798 3046 inferiores.
840 2994 941 3065 J‘ustum
954 2993 1105 3066 ipnperium.
1113 3025 1153 3034 —
1165 2993 1232 3046 Vera
1240 2996 1352 3063 juventus

332 3079 399 3139 461.
414 3075 469 3144 lpse
482 3079 567 3128 uenit!
582 3072 696 3127 Pulchre
709 3074 795 3144 expri·
842 3071 949 3128 videtur
959 3071 1044 3138 dicta,
1057 3091 1115 3148 quas
1129 3073 1278 3134 veritatem,
1297 3075 1351 3126 iru-

290 3156 341 3210 mit
362 3152 429 3208 illud
451 3156 524 3215 αὐτὸς
548 3155 719 3218 Graecorum,
743 3171 799 3224 quo
842 3173 898 3224 pos,
915 3154 1093 3208 veriverhinm
1108 3153 1225 3205 nominis
1242 3154 1284 3205 sui
1299 3155 1351 3205 im·

289 3250 391 3309 patrem
418 3235 545 3300 familias,
571 3234 684 3299 hes-um,
715 3232 799 3306 magi·
842 3233 912 3306 plet,
926 3253 940 3285 s
949 3233 1058 3304 juvando
1071 3232 1149 3286 dicta.

289 3329 374 3369 strum
396 3315 516 3385 signant,
536 3327 567 3367 nt
587 3314 635 3366 illo
657 3331 705 3369 suo
725 3315 798 3373 αὐτὸς
884 3317 949 3382 467.
963 3315 1029 3364 Vera
1035 3316 1145 3386 juventus
1152 3355 1159 3378 ,
1175 3331 1233 3384 quae
1247 3330 1307 3364 vere
1321 3324 1350 3363 et

289 3399 336 3466 ipa
348 3393 516 3465 Pythagorei.
842 3391 947 3445 sortiter
961 3393 1040 3446 Marti
1054 3393 1165 3458 serviat;
1178 3411 1232 3444 non
1247 3391 1350 3462 specie,

329 3481 393 3537 46².
407 3473 526 3525 Salutaris
534 3484 622 3545 potest
632 3470 799 3542 significare,
842 3485 872 3524 ut
884 3484 945 3526 ante
956 3491 1100 3540 messores,
1110 3473 1156 3544 qui
1167 3489 1222 3523 non
1235 3484 1287 3522 tam
1299 3470 1349 3522 mi·

286 3557 340 3624 jam
352 3550 386 3605 de
401 3553 521 3606 turribus
536 3569 566 3604 ac
579 3551 712 3604 moenibus
726 3551 798 3603 salu·
840 3549 899 3604 lites
915 3565 990 3606 erant
1005 3572 1083 3624 quam
1099 3553 1177 3604 larvae
1191 3562 1216 3602 et
1232 3563 1350 3604 monstra

288 3647 341 3687 tata
355 3633 439 3705 signa.
454 3631 517 3683 Non
531 3649 601 3704 nego
614 3643 716 3694 tamen,
730 3630 798 3682 milri
840 3631 1050 3702 militum,quod
1057 3652 1111 3684 uon
1118 3629 1256 3684 assuefacti
1263 3643 1350 3682 essent

287 3733 394 3786 quoque
415 3711 551 3764 substantiis
570 3713 653 3782 magis
674 3711 796 3782 placere,
840 3712 948 3764 militari
964 3711 1119 3784 disciplinas.
1136 3711 1151 3761 J
1155 3721 1266 3762 urentus
1282 3708 1349 3762 dici-

287 3793 360 3864 quod
372 3791 407 3846 de
421 3811 449 3846 se
463 3790 529 3844 dicit
543 3791 675 3844 lleinsius.
840 3803 884 3844 tur
897 3811 912 3844 s
917 3792 1044 3862 juvando,
1063 3788 1137 3862 quod
1153 3789 1346 3862 rempublicam

329 3873 513 3944 άθάλςιιοὸίίε
522 3870 640 3924 adverbii
649 3871 734 3924 vicem
743 3889 798 3922 sus·
840 3870 868 3923 in
885 3870 962 3924 bellis
973 3874 1065 3942 juvare
1079 3870 1170 3942 possit.

286 3953 370 4017 tinet;
386 3965 417 4004 ut
430 3971 527 4024 supra,
539 3971 577 4005 vs.
592 3949 648 4005 326
660 3991 669 4016 ,
679 3949 795 4006 vidimus
888 3957 953 4022 470.
968 3953 1000 4003 In
1014 3951 1124 4004 summis
1137 3949 1251 4022 Alpibus
1264 3967 1346 4018 quum

288 4031 382 4086 eodem
394 4051 472 4084 sensu
485 4031 551 4101 poni
561 4032 653 4100 furiale
657 4052 667 4094 ,·
681 4029 796 4084 utlib.1
841 4043 921 4096 esset,
933 4029 1045 4104 propior
1059 4031 1109 4084 sibi
1123 4029 1198 4083 astris
1209 4027 1347 4083 videbatur

286 4114 314 4166 iu
325 4111 387 4165 llus.
400 4114 451 4176 65,
461 4135 471 4154 ι
482 4111 612 4164 Cessatum
623 4111 726 4181 mugiit.
739 4137 750 4156 ι
839 4112 952 4165 naturali
966 4113 1069 4164 ratione
1084 4129 1090 4163 :
1106 4109 1152 4164 sed
1168 4109 1251 4161 multo
1266 4107 1346 4175 magis
1428 4137 1431 4144 ·
