3034 4900
392 441 400 461 ’
555 475 820 544 crisconi
847 476 912 546 lv.
1188 480 1261 579 317

250 607 339 675 Hinc
361 630 457 674 arnor
477 607 631 676 hortatur
652 608 814 692 scribere;
832 609 943 677 vincat
960 631 1064 678 amor.

189 713 279 781 Fors
295 711 392 808 juvat
411 711 588 800 audentes,
609 716 668 783 Cei
690 715 851 784 sententia
868 715 961 783 vatis.

250 822 322 888 llac
339 818 425 890 duce
441 844 509 888 non
527 818 693 908 dubitem,
712 835 745 889 te
765 822 940 908 reticente,
959 819 1068 915 loqui:
1236 867 1261 898 a,

189 923 314 994 Audax
335 940 391 1013 ut,
410 925 571 1020 siquidem
590 923 722 1022 penitus
740 951 893 1022 peccasse
911 926 1062 1012 videbor,

249 1033 397 1127 Arguar,
418 1033 539 1126 ingrati
560 1057 628 1102 non
650 1034 820 1102 subiturus
841 1058 934 1102 onus.

189 1139 366 1207 Romanos
386 1137 530 1208 bibimus
548 1140 692 1235 primum
711 1155 743 1209 te
762 1140 897 1209 consule
917 1137 1041 1225 fontes,

249 1247 293 1312 Et
311 1245 413 1315 Latiae
430 1246 527 1315 cessit
545 1247 648 1316 Graia
664 1245 779 1314 Thalia
797 1261 900 1341 togae3

189 1351 425 1446 lncipieusque
443 1353 508 1420 tuis
525 1375 545 1420 a
562 1350 706 1422 fascibus
723 1354 834 1421 omina
852 1355 942 1447 cepi,

248 1458 393 1551 Fataque
412 1456 542 1527 debebo
562 1460 746 1552 posteriora
764 1459 831 1527 tibi.

188 1564 285 1656 Ergo
304 1561 473 1633 lacessitus
491 1564 626 1633 tandem
645 1565 788 1634 rescribe
806 1567 953 1659 roganti3
1017 1567 1019 1574 ’

247 1672 293 1738 Et
309 1672 416 1764 patria
434 1671 555 1740 llorens
574 1686 679 1759 sorte,
697 1672 857 1758 Probine,
871 1669 954 1739 vale.

189 1869 316 1922 elinantio
330 1871 358 1922 in
373 1870 527 1950 barbariem.
538 1871 626 1923 seculi
640 1882 679 1923 ert
693 1884 700 1923 ε
745 1901 786 1914 -
797 1848 866 1924 Οἰιω
876 1859 982 1941 ingrati,
990 1868 1090 1923 crimen
1102 1887 1195 1941 grave,
1204 1891 1258 1944 quo

189 1967 357 2021 quamquam
372 1950 418 2001 bic
432 1961 539 2021 poterat
549 1950 643 2021 aliquia
656 1970 701 2004 su·
741 1955 820 2021 premi
834 1950 932 2022 aliquis
944 1947 1056 2003 dicitur.

189 2029 304 2099 spicari,
321 2030 376 2083 hoc
393 2030 461 2082 velle
479 2030 605 2093 Pactam,
620 2030 660 2083 tui
674 2043 701 2084 et
790 2031 833 2083 13.
849 2028 907 2082 lloc
919 2028 1028 2083 videtur
1038 2027 1146 2094 dicere,
1158 2049 1186 2083 ee
1198 2033 1255 2103 pri-

190 2109 235 2161 tui
257 2110 385 2163 similium
408 2110 575 2174 reverentia,
595 2123 625 2163 ut
644 2110 701 2181 ipse
744 2111 818 2162 nium
834 2108 901 2162 illud
921 2127 1028 2162 carmen
1043 2109 1071 2161 in
1089 2110 1256 2164 consulatum

190 2189 312 2254 Cicero,
332 2209 377 2241 vos
402 2195 485 2261 magni
504 2203 631 2252 oratam,
650 2203 700 2244 etc.
745 2188 851 2262 Olybrii
875 2201 901 2242 et
920 2188 1032 2241 Probini
1051 2188 1163 2240 latinum
1188 2192 1254 2243 scri·

189 2267 235 2320 ne
265 2268 311 2320 illo
337 2288 411 2322 more
441 2270 560 2341 plurium
588 2288 701 2323 numero
743 2269 834 2339 peiere.
843 2267 1004 2322 Alexandria
1019 2267 1109 2338 graccis
1125 2269 1207 2340 magis
1219 2270 1252 2322 li-

190 2347 369 2418 compellandi
382 2365 543 2415 unum,nec
555 2350 611 2402 sine
624 2350 700 2403 soloe·
744 2349 808 2401 teris
829 2347 940 2402 florebat
956 2367 1036 2420 quarn
1056 2347 1154 2400 latinis.
1172 2349 1255 2401 Musa

190 2427 277 2481 citano
292 2449 337 2481 vos
351 2428 510 2495 mutum,
531 2451 575 2483 ans
583 2450 701 2501 procum·
743 2427 827 2481 bibunt
840 2429 926 2482 sontes
939 2427 1081 2489 Castalios,
1099 2437 1149 2481 etc.

191 2520 290 2573 turron,
304 2510 374 2562 vobis
386 2514 521 2573 recitante,
535 2508 591 2563 vid.
608 2510 700 2564 Rartb.
787 2510 832 2563 15.
849 2509 987 2571 Fascibus,d
1006 2506 1115 2579 quidam
1127 2510 1253 2573 sortibus,

190 2586 226 2641 ad
240 2589 323 2644 llutil.
334 2591 424 2643 itiner.
439 2593 470 2653 1,
486 2589 533 2645 35.
545 2592 586 2643 Ile
598 2590 643 2643 illa
656 2608 700 2643 ra·
743 2587 816 2659 quod
828 2586 881 2643 dici
891 2608 941 2661 pro
947 2590 1041 2655 fastis,
1057 2588 1125 2640 sicut
1138 2602 1164 2641 et
1171 2591 1255 2655 fastus

189 2669 264 2722 tione
271 2683 401 2741 quantum
408 2669 584 2742 adprincipea
591 2670 699 2724 Falater.
742 2671 895 2740 profestos,
908 2667 1035 2738 exemplis
1044 2668 1123 2719 etiam
1136 2669 1254 2738 optimo-

190 2750 321 2803 amornitt.
334 2750 441 2821 pbiloll.
452 2752 484 2803 P.
494 2752 536 2811 ΙΙ,
551 2769 579 2821 p.
593 2749 658 2819 195.
742 2768 802 2801 rum
817 2750 846 2802 in
855 2748 998 2803 Thesaurit
1009 2747 1106 2801 nostrie
1119 2759 1253 2802 ostensum

232 2849 259 2898 9.
271 2828 405 2884 Sententia
424 2843 488 2883 nota
502 2829 577 2901 Virg.
593 2828 699 2883 AEneid.
742 2841 789 2883 est.

191 2910 236 2973 X,
261 2911 329 2973 284,
346 2911 469 2963 Audentes
488 2912 592 2977 fortuna
608 2913 699 2980 jurat:
787 2912 831 2962 16.
855 2909 921 2961 Fata
938 2908 1091 2979 posteriorc,
1119 2908 1252 2981 quidquid

189 2990 239 3043 ubi
247 2988 363 3042 Lacerda
371 3009 468 3061 magno
475 3008 588 3042 numero
596 2987 700 3054 laudat,
741 2988 819 3041 bone
836 2986 950 3041 l'ortunae
964 3001 1024 3059 post
1036 2988 1203 3040 consulatum
1223 2990 1254 3041 il-

190 3070 239 3139 qui
259 3067 355 3122 similia
373 3068 496 3123 dixerint.
510 3067 562 3122 Sed
576 3068 650 3122 clim
665 3088 699 3122 an
741 3068 798 3121 lum
814 3078 891 3120 tuum
906 3068 971 3120 mihi
986 3068 1123 3131 evenerit,
1139 3068 1205 3131 tibi,
1220 3082 1251 3120 ut

194 3148 259 3201 Ceus
265 3160 344 3211 vates,
350 3151 396 3220 qui
403 3152 555 3221 ejusanctor
561 3150 699 3216 sit,nescio
741 3148 844 3200 auctori
858 3148 1026 3218 fautorique,
1040 3144 1153 3201 debebo.

192 3248 227 3281 an
238 3226 345 3281 ostendi
356 3231 445 3300 possit.
456 3224 607 3283 Homerum
617 3248 632 3280 a
641 3230 700 3300 qui·
787 3230 831 3281 18.
843 3227 936 3281 Sortem
955 3226 1099 3297 intelligam
1116 3226 1205 3279 locum
1223 3226 1251 3279 in

189 3306 305 3362 busdam
319 3308 404 3361 Chium
416 3309 515 3381 putari,
528 3308 601 3361 Cenrn
610 3323 699 3362 autem
740 3324 797 3378 rep.
810 3318 837 3359 et
846 3305 1027 3360 conditionem
1037 3304 1145 3357 vivendi
1158 3324 1251 3357 unam-

189 3406 247 3441 esee
273 3388 464 3455 Simonidem,
498 3390 559 3441 satis
587 3400 699 3442 constat.
742 3405 891 3458 quamque:
905 3388 949 3439 hic
959 3404 1089 3437 summam
1100 3386 1250 3439 Aucbenio·

191 3468 272 3521 Prisci
279 3468 436 3523 facillimum
450 3480 506 3533 est,
516 3465 562 3521 sed
572 3468 701 3523 lectiones
743 3486 805 3519 rum
825 3467 951 3537 gloriam,
968 3484 1047 3537 quarn
1064 3464 1252 3531 commendat,

191 3548 396 3602 facillimarum
418 3546 519 3603 eedem
540 3561 601 3601 sunt
621 3567 698 3602 verae.
743 3548 774 3605 1,
800 3548 816 3599 8
837 3566 894 3618 sqq.
915 3543 969 3598 Sed
989 3546 1093 3615 elegans
1114 3558 1141 3597 et
1166 3545 1252 3597 facilis

190 3662 233 3671 —
243 3620 309 3699 Ᾰρχὴ
327 3630 374 3700 γὰρ
393 3636 435 3683 τοῦ
454 3632 522 3697 smair
543 3630 571 3680 τὸ
590 3629 698 3699 tuditis.
742 3626 823 3678 etiam
835 3638 874 3679 est
885 3628 1036 3697 conjectura
1048 3623 1165 3688 Heinaii,
1180 3636 1248 3683 arte,

191 3708 291 3763 Initium
301 3712 413 3761 victorin
422 3708 542 3770 undatim·
553 3707 689 3760 Plutarch.
743 3724 797 3777 quo
808 3706 892 3759 virtus
906 3706 1006 3769 omnia,
1017 3716 1043 3756 et
1054 3720 1146 3755 rerum
1159 3720 1253 3773 geron-

234 3808 280 3843 tr.
290 3789 385 3843 Audax
397 3801 426 3840 ut
437 3808 545 3857 arguar,
559 3788 586 3839 h.
601 3806 624 3841 e.
637 3787 700 3839 licet
743 3784 838 3838 darum
857 3786 924 3837 ratio
941 3803 970 3838 ac
993 3780 1149 3854 prudentia,
1164 3781 1252 3835 conti·

191 3883 333 3923 occureret
344 3867 490 3923 convincar
499 3865 698 3921 adeoaudacioe.
743 3878 833 3919 netur.

445 4048 996 4083 *ψ
