3034 4900
555 498 870 567 EIDYLLIUM
896 501 963 569 Vl.
1211 502 1285 579 355

278 634 319 700 In
337 628 466 725 patulas
482 628 610 725 plumbi
627 629 750 700 labitur
768 628 844 700 inde
862 633 947 701 vias.¹

224 736 328 807 Nullo
347 763 424 807 cum
446 738 605 832 strepitu,
623 737 829 832 madidisque
849 738 971 808 infecta
994 737 1131 825 favillis,
1211 826 1213 833 Ι

278 847 463 940 Despumat
481 844 615 913 niveum
634 843 744 914 fistula
760 868 843 915 cana
858 842 968 914 salem.

225 948 410 1020 Multifidas
431 949 592 1045 dispergit
611 975 707 1045 opes,
724 964 896 1045 artemque
917 965 1048 1021 secutus

278 1058 356 1146 Qua
370 1056 499 1149 jussere
515 1080 652 1146 manus,
669 1055 790 1126 mobile
812 1072 945 1153 torquet
959 1060 1037 1144 iter,
1265 1088 1291 1129 a,

224 1163 269 1232 Et
285 1164 419 1257 junctos
436 1162 554 1258 rapido
574 1178 694 1258 pontes
713 1165 919 1235 subtermeat
936 1180 1034 1248 aestn,

277 1270 482 1364 Afflatosque
496 1294 583 1365 vago
600 1284 763 1365 temperat
778 1271 853 1365 igne
870 1270 988 1342 tholos.

223 1377 342 1445 Acrior
357 1377 514 1463 interius,
531 1378 623 1445 rauci
640 1402 717 1446 cum
732 1400 905 1446 murmure
922 1380 990 1447 saxi

277 1483 441 1577 Spumeus
457 1481 538 1552 eliso
554 1481 689 1577 pellitur
705 1506 803 1551 amne
822 1507 936 1579 vapor.

224 1590 310 1657 Hinc
328 1590 467 1684 pingues
483 1602 638 1683 repetunt
655 1589 732 1657 fessi
750 1590 870 1658 sudore
887 1589 1022 1659 lacunas
1038 1616 1047 1675 ;
1264 1622 1291 1660 aa

275 1694 414 1790 Frigora
435 1697 528 1790 aquis
548 1693 655 1791 longae
677 1694 798 1764 blanda
819 1696 940 1766 dedere
961 1721 1072 1767 morae.

221 1799 341 1888 salve,
360 1803 498 1870 Paeoniae
513 1800 650 1896 largitor
665 1800 784 1871 nobilis
800 1802 914 1889 undae3

278 1907 460 1996 Dardanii,
477 1906 584 1993 salve,
601 1898 706 2004 gloria
723 1932 844 2004 magna
860 1909 940 1999 soli3

222 2012 360 2083 Publica
378 2014 574 2084 morborum
593 2016 739 2109 requies,
756 2040 933 2086 commune
950 2015 1139 2085 medentum

265 2188 310 2259 57.
327 2189 443 2241 Madidas
461 2190 566 2257 favillas
588 2204 656 2261 puto
678 2189 732 2244 diei
777 2195 847 2263 aquis
860 2190 939 2257 MSS.
956 2210 1008 2262 pro
1028 2190 1135 2255 blanda,
1153 2191 1241 2245 damna
1257 2191 1291 2247 al.

223 2268 380 2339 tophaceam
400 2269 473 2322 illam
494 2269 614 2323 cinericii
634 2270 731 2323 coloris
776 2270 947 2325 -Cassiod
960 2270 1089 2327 describit
1097 2270 1193 2342 gradm
1202 2272 1289 2326 immi-

222 2343 389 2413 materiem,'
400 2368 462 2420 quaa
483 2349 580 2403 fistulis
598 2348 730 2417 adhaeret,
774 2350 835 2403 nuti
848 2350 959 2405 caloris:
970 2377 981 2399 ι
993 2348 1233 2405 Deinde....minaci
1245 2371 1286 2405 ar·

222 2446 283 2500 qun
298 2428 415 2482 surmdos
429 2427 508 2483 etiam
519 2440 547 2483 et
561 2430 665 2501 plantas
673 2449 732 2484 eru·
775 2427 841 2483 dore
852 2429 990 2503 deposito,
1006 2431 1081 2485 suavi
1095 2433 1287 2502 temperatione

220 2519 262 2561 sta
275 2507 392 2580 quadam
407 2510 475 2563 solet
487 2507 632 2563 obducere.
643 2511 730 2582 Hujus
774 2511 918 2564 mollescit:
929 2529 1110 2582 mox...quum
1124 2512 1210 2583 aliqua
1218 2511 1284 2566 dita-

220 2589 261 2641 rei
282 2607 339 2641 non
362 2590 471 2655 minus,
494 2607 575 2660 quam
591 2591 650 2642 sair's
669 2594 731 2643 nivei
773 2589 847 2644 tione
861 2590 1287 2662 torpuerit,mnltoblandiusin·

220 2667 249 2722 b.
278 2687 302 2722 e.
328 2667 456 2734 candidi,
479 2687 559 2741 quem
583 2672 727 2740 καθαρτικὸν
773 2671 898 2741 tepescit:
911 2683 1046 2742 postremo
1056 2671 1115 2742 ipso
1127 2688 1236 2742 quoqne
1246 2687 1284 2725 te·

220 2765 276 2800 esse
303 2747 449 2820 praedicat,
475 2750 639 2803 mentionem
665 2750 729 2805 sarit
771 2767 838 2820 pore
851 2749 993 2816 derelicto,
1007 2751 1035 2803 in
1052 2750 1181 2822 piscinam
1197 2752 1283 2804 Nero·

220 2823 370 2881 Vandellus
384 2827 517 2882 laudatus.
771 2829 878 2883 nianam
895 2855 906 2878 a
922 2825 1046 2901 (partem
1068 2847 1114 2883 eeu
1131 2831 1282 2885 membrum

261 2911 296 2961 61
314 2907 465 2970 Subtervedit
472 2907 549 2962 MSS.
563 2907 637 2962 unde
648 2909 730 2962 subter
770 2907 851 2962 credo
867 2909 1028 2962 thermarum
1043 2909 1169 2976 Neronia,
1180 2908 1214 2964 de
1224 2914 1282 2983 qui·

219 2991 289 3040 uenit
297 2989 367 3059 conj.
380 2989 534 3061 Hemapro
543 3002 728 3059 pontenseares
770 2988 820 3042 bus
835 2989 915 3043 Mart.
932 2989 1003 3055 VII,
1020 2987 1071 3052 33,
1097 2990 1204 3042 Themis
1221 2993 1282 3064 qnid

219 3067 279 3121 MS.
291 3081 381 3120 montes
392 3068 451 3122 MS.
770 3071 852 3121 melius
868 3071 1013 3123 Neronianis
1021 3069 1054 3127 ι’)
1068 3067 1163 3140 frigida
1174 3083 1278 3125 tantum

261 3151 308 3201 oa.
323 3149 397 3201 Tlos
411 3161 473 3202 sunt
488 3148 611 3202 fornices.
625 3149 728 3202 Descri-
771 3147 901 3214 efficitur,
925 3161 1025 3220 quanto
1048 3149 1124 3221 priua
1151 3149 1279 3205 ferbuisse

219 3225 260 3281 bit
280 3228 376 3294 cellas,
397 3228 426 3281 in
449 3247 513 3300 quas
533 3229 649 3282 immissa
672 3229 726 3281 fer·
770 3229 889 3282 sentitur.

218 3323 283 3362 vens
296 3326 379 3380 aqua,
391 3305 544 3361 sudationes
556 3307 646 3362 efficit.
663 3307 726 3362 Cas-
811 3311 856 3379 67.
870 3309 972 3360 Paeonia
987 3308 1065 3370 unda,
1083 3327 1142 3379 quaa
1153 3309 1207 3382 vim
1221 3329 1277 3364 me-

219 3385 368 3452 siodorim,
389 3414 401 3435 ι
417 3387 543 3441 Protinus
563 3407 625 3442 saxo
643 3388 727 3440 susci·
770 3385 857 3440 dicam
870 3387 965 3451 babet,
975 3386 1031 3440 vid.
1046 3385 1078 3440 ad
1094 3387 1197 3454 XXIV,
1211 3393 1276 3460 173.

219 3467 310 3538 piente
330 3467 421 3520 collisa
436 3485 504 3539 aqua
517 3467 619 3522 inhalat
633 3467 727 3539 primu
811 3470 858 3522 68.
867 3467 1020 3520 Dardanium
1031 3467 1118 3519 vocari
1127 3506 1135 3532 ‚
1144 3468 1275 3540 quidquid

218 3547 321 3601 cellulae
330 3546 493 3600 sudatoriam
503 3547 689 3619 qualitatem.»
769 3541 938 3618 quocumque
959 3544 1040 3600 modo
1055 3547 1202 3617 Troianum
1222 3563 1274 3608 eat,

261 3626 308 3680 6³.
320 3630 410 3680 Acrius
420 3629 492 3700 vulg.
506 3629 595 3678 interea
607 3627 665 3680 MS.
769 3626 876 3698 Virgilii
895 3627 1039 3679 lectoribus
1053 3637 1146 3678 notum
1159 3645 1165 3679 :
1182 3625 1274 3680 eodem
1296 3673 1297 3676 ,

261 3707 308 3761 65.
327 3708 395 3759 Hr'nc
414 3711 500 3777 pigras
518 3707 591 3778 vulg.
613 3707 723 3779 rigidus,
769 3707 849 3778 igitur
870 3725 946 3759 sensu
962 3707 1115 3757 Dardanium
1138 3706 1183 3758 hic
1201 3709 1276 3759 solam

219 3793 303 3857 m'gras
313 3789 383 3858 conj.
398 3786 534 3840 Heins-
542 3787 649 3856 Pingues
661 3786 726 3841 dicit
770 3785 884 3851 dicitur,
898 3796 927 3838 ut
935 3804 961 3837 v.
978 3803 988 3835 1
1001 3823 1009 3848 ‚
1023 3785 1077 3837 urbs
1089 3785 1235 3838 Antenorea.

219 3869 334 3931 humus,
350 3885 464 3939 quamm
475 3867 551 3938 aquis
561 3865 661 3936 aliquid
673 3867 726 3919 ole-
801 3869 848 3934 69.
857 3865 915 3916 Hoc
922 3863 1036 3936 elogium
1043 3864 1278 3933 comprehenditur

218 3945 727 4011 osumputtmeumveadmixtumun-
769 3945 827 4016 ipso
848 3944 956 3996 nomine
974 3943 1069 4006 fontis,
1088 3961 1169 4013 quum
1189 3946 1277 4007 ἄπονος

218 4037 319 4100 guntur
358 4028 421 4080 aliar
447 4039 509 4097 post
540 4023 666 4078 sudorem
697 4027 725 4077 in
768 4037 888 4088 vocatur,
902 4022 948 4095 qui
961 4022 1155 4076 immunitatem
1172 4039 1279 4096 praestet

218 4106 329 4159 balneis.
770 4117 797 4158 et
807 4104 991 4158 liberationem
1003 4109 1051 4154 τῶν
1063 4105 1154 4169 πόνων,
1167 4124 1220 4176 quo
1231 4124 1279 4158 no·

261 4187 308 4240 66.
329 4186 434 4257 Frigore
457 4185 532 4241 MSS.
553 4183 613 4239 Ald.
626 4182 726 4254 srigoia
771 4186 842 4238 mine
858 4197 884 4238 et
898 4181 1003 4237 dolores
1018 4195 1045 4235 et
1057 4185 1144 4236 morbi
1157 4203 1278 4257 compre·

1023 4281 1142 4363 23²,
