3034 4900
250 486 323 557 228
481 487 554 555 CL.
584 485 888 555 CLAUDIANI
914 487 1074 554 XXXV.

247 623 316 690 Aut
330 617 441 712 quales
460 616 607 688 referunt
625 617 757 686 Baccho
779 616 940 686 solemnia
956 618 1111 711 nymphae

249 726 417 810 Maeoniae,
439 748 520 818 quas
540 727 683 792 Hermus
703 722 779 810 alit,
796 724 948 818 ripasque
963 738 1117 820 paternas

248 834 451 900 Percurrnnt
471 854 552 900 auro
571 829 725 918 madidae3
744 829 873 899 iaetatur
889 832 925 898 in
945 845 1041 900 antro
1152 916 1155 921 1

247 939 379 1022 Amnis,
402 952 436 1005 et
452 937 632 1006 undantem
655 936 799 1006 declinat
815 936 973 1032 prodigus
994 960 1124 1005 urnam.
1289 985 1313 1023 70

299 1043 438 1113 Viderat
455 1043 598 1112 herboso
620 1068 750 1112 sacrum
770 1043 811 1112 de
830 1048 954 1113 vertice
972 1043 1092 1138 vulgus

247 1154 366 1219 Henna
383 1174 503 1244 pareus
523 1149 643 1218 florum
650 1173 844 1244 ,curvaque
860 1152 894 1219 in
912 1149 997 1219 valle
1019 1149 1187 1219 sedentem

248 1255 436 1351 Compellat
454 1256 665 1350 Zephyrum:
685 1285 702 1320 a
714 1258 813 1326 Pater
833 1281 854 1325 o
871 1258 1053 1352 gratissime
1073 1227 1179 1326 veris¹

248 1364 317 1452 Qui
333 1387 408 1430 mea
425 1361 548 1430 lascivo
567 1385 685 1456 regnas
704 1387 764 1456 per
782 1377 878 1457 prata
895 1377 1007 1431 meatu

247 1471 399 1562 Semper,
418 1483 452 1537 et
469 1467 631 1537 assiduis
622 1492 744 1537 rrroras
763 1468 895 1538 flatibus
913 1494 1054 1553 annum,

247 1575 388 1668 Respice
406 1563 638 1668 Nympharum
657 1562 778 1661 coetirs,
796 1590 830 1643 et
844 1574 932 1644 celsa
948 1578 1107 1645 Tonantis

249 1681 428 1765 Germina,
447 1704 507 1774 per
522 1694 654 1749 nostros
671 1679 840 1776 dignantia
856 1681 970 1750 ludere
987 1706 1132 1776 campos.

249 1790 346 1855 Nunc
363 1785 450 1856 adsis
469 1785 665 1880 faveasque,
684 1811 826 1881 precor:
847 1812 937 1856 nunc
954 1790 1066 1856 omnia
1083 1788 1153 1858 fetu
1237 1774 1241 1782 ¹

248 1893 436 1962 Pubescant
454 1891 598 1986 virgulta
616 1889 711 1976 velis,
730 1907 769 1960 ut
786 1891 901 1962 fertilis
919 1893 1029 1987 Hybla

249 2074 322 2138 vius,
331 2074 378 2144 qui
388 2073 417 2126 iu
428 2073 544 2125 Pontum
556 2071 692 2124 Euxinum
701 2090 764 2124 exo·
808 2091 917 2126 renum.
934 2112 940 2124 .
957 2114 963 2126 .
979 2114 987 2126 .
1002 2092 1083 2146 quam
1099 2074 1170 2126 circa
1183 2113 1190 2126 .
1206 2113 1212 2126 .
1228 2113 1235 2125 .
1252 2113 1259 2126 .
1271 2073 1315 2126 lu·

249 2166 373 2220 neratur,
398 2152 509 2224 patriam
533 2151 698 2205 Amazonum
724 2152 762 2204 sl·
809 2153 903 2206 tissimi
918 2151 997 2207 flores
1011 2155 1217 2225 omnitempore
1235 2154 1316 2216 anni,

250 2234 320 2298 luit,
331 2245 361 2285 ut
374 2230 446 2284 idem
465 2233 520 2285 fere
541 2231 576 2284 sit
600 2231 763 2284 Thermodon·
808 2232 882 2286 locus
894 2233 952 2303 ipse
962 2247 994 2287 ut
1002 2248 1111 2306 raptum
1121 2234 1247 2304 virginis.
1263 2273 1270 2286 .
1288 2272 1294 2285 .
1309 2271 1315 2284 .

253 2319 329 2366 tinam
341 2311 416 2385 quod
429 2311 599 2365 Amazonius.
614 2311 702 2364 Etiam
718 2312 764 2364 hie
808 2309 943 2366 declarare
951 2312 1082 2368 videatur.
1092 2314 1197 2366 Etenim
1207 2323 1318 2386 propter

251 2393 547 2464 locus-{suppoprimus
561 2402 708 2462 est„quum
718 2409 763 2445 ex·
809 2403 849 2445 est
872 2393 1011 2463 spelunea.
1027 2435 1035 2446 .
1051 2433 1059 2449 .
1075 2433 1081 2445 .
1098 2393 1203 2445 infinita
1227 2393 1317 2445 altitu·

252 2471 397 2545 peditionis
414 2471 525 2525 modum
545 2470 619 2542 quasi
638 2470 765 2543 depingat
809 2470 886 2530 dine,
899 2491 950 2543 qua
965 2474 1054 2526 Ditem
1067 2484 1169 2543 patrem
1181 2473 1319 2525 seruntre·

248 2556 269 2605 'a
283 2550 486 2606 Thermodonte
498 2547 532 2603 ad
544 2550 669 2612 Tanaim,
682 2552 764 2622 hujus
808 2563 888 2623 pente
899 2570 960 2604 cum
977 2570 1060 2604 eumn
1075 2552 1203 2604 exstitisse
1216 2577 1240 2603 ι.
1252 2550 1316 2602 Haec

165 2628 172 2639 “
253 2645 342 2687 autem
354 2631 447 2703 glaciei
460 2629 623 2683 mentionem
640 2629 763 2701 injiciat,
796 2642 837 2696 ‚et
845 2631 925 2700 plura
936 2630 994 2683 Cic.
1009 2633 1088 2683 Verr.
1101 2630 1151 2693 IV,
1165 2633 1210 2688 ts.
1224 2631 1315 2681 Deor-

254 2730 334 2783 quam
349 2711 490 2781 frangunt,
507 2723 538 2763 ut
552 2707 671 2774 videtur,
684 2710 764 2763 Ama·
808 2709 979 2780 thogmphia,
990 2708 1045 2762 vid.
1057 2707 1092 2762 ad
1104 2708 1240 2771 XXXIII,
1254 2726 1321 2771 rsa..

255 2808 347 2854 nones,
368 2808 402 2841 ne
422 2787 549 2859 impediat
565 2789 662 2841 ratium
684 2791 764 2861 traje-
849 2787 896 2857 75.
918 2789 1017 2840 Annum
1037 2802 1124 2842 totum
1147 2788 1192 2841 hic
1212 2792 1316 2854 irrorat,

255 2882 426 2938 ctum,quum
435 2865 553 2938 pedestri
561 2867 649 2921 itineri
656 2868 765 2921 &mum
808 2868 942 2921 humectat
960 2881 988 2921 et
1006 2867 1104 2923 florum
1126 2868 1239 2922 fertilem
1255 2868 1317 2922 facit

255 2948 317 3003 satis
332 2959 443 3019 pontem
460 2946 579 3017 praebere
597 2965 654 2999 non
671 2948 764 3019 possit.
808 2948 962 3018 Zephyrum
978 2949 1006 3001 in
1020 2947 1078 3001 aliis
1097 2948 1170 3001 orbis
1185 2961 1316 3003 terrarum

297 3032 344 3099 67.
352 3028 475 3089 Bacchus,
486 3026 685 3090 saeraMoeons'a,
696 3026 725 3081 h.
739 3046 763 3079 e.
808 3028 928 3099 partibus
937 3026 1019 3081 modo
1033 3046 1081 3081 ver
1091 3041 1208 3082 exornat

254 3106 340 3181 Lydia
354 3121 380 3162 et
398 3106 519 3171 Hermus.
535 3104 598 3159 vid.
613 3104 647 3159 ad
661 3108 765 3173 XXIV,
850 3111 896 3177 76.
914 3110 1031 3160 Tonantis
1042 3111 1164 3178 gemina,
1182 3126 1244 3161 nam
1257 3108 1316 3161 Pal·

170 3209 173 3217 ’
257 3207 323 3258 ²²7·
808 3187 861 3251 las,
875 3186 973 3251 Diana,
986 3189 1078 3241 Venus
1093 3200 1121 3241 et
1136 3189 1193 3258 ipsa
1207 3188 1316 3241 Proser·

296 3270 343 3337 69.
364 3268 529 3328 Percurrunt,
553 3284 615 3319 nam
635 3265 743 3319 Bacchas
754 3304 776 3340 ,Ι
808 3266 872 3338 pina
884 3267 947 3319 filias
957 3280 1032 3320 erant
1042 3268 1118 3320 Jovis
1131 3267 1263 3321 mammas.

256 3345 384 3418 nymphae
397 3346 495 3399 Bacchi
511 3346 636 3411 comites,
652 3358 766 3399 curnmt
849 3365 895 3416 79.
906 3346 1038 3399 Pabescere
1050 3345 1178 3400 dicuntur
1187 3347 1317 3412 homines,

253 3437 281 3478 et
300 3436 426 3495 vagantur
442 3442 493 3495 per
510 3424 581 3495 ripae
598 3426 704 3495 patrias.
723 3456 765 3468 -
807 3444 862 3496 qno
875 3438 996 3497 tempore
1003 3428 1078 3499 signa
1088 3428 1186 3481 mamni
1195 3424 1230 3479 ad
1240 3444 1317 3498 gene·

255 3504 327 3557 Auro
349 3503 472 3567 maiia,
494 3503 568 3575 aquis
584 3505 670 3559 aureis
687 3504 763 3559 fluvii
806 3502 919 3558 randum
938 3508 1059 3577 eorporis
1078 3508 1227 3560 exsistunt:
1243 3505 1317 3577 quod

254 3583 356 3639 Hermi.
806 3585 922 3655 pulchre
927 3585 1129 3641 hicetsolemni
1138 3586 1247 3658 optimis
1254 3604 1318 3657 poe·

295 3683 340 3735 7⁰·
353 3664 394 3717 Ita
407 3661 554 3734 pinguntur
564 3660 661 3733 passim
674 3682 689 3716 a
705 3663 762 3717 No·
806 3664 840 3717 tis
849 3666 1006 3735 metaphora
1013 3665 1048 3720 ad
1059 3666 1155 3719 florem
1164 3666 1317 3737 plantarum

254 3756 310 3799 stro
325 3744 404 3797 etiam
416 3741 545 3807 fluvii‚ut
558 3742 702 3796 Tiberinus
714 3761 762 3814 ps·
806 3746 980 3810 transfertur,
1000 3766 1066 3818 quas
1086 3746 1247 3815 uirgultamrn
1267 3764 1318 3798 no-

253 3834 309 3889 ter,
324 3824 355 3889 1,
370 3822 423 3878 213
439 3842 447 3889 ;
467 3822 591 3889 Rhenus,
603 3822 661 3891 111,
687 3822 760 3889 1333
804 3824 878 3877 mine
891 3824 998 3878 videtur
1011 3823 1247 3897 comprehendere.
1263 3827 1320 3898 Hy·

252 3901 388 3967 Pactolus,
404 3902 472 3969 XX,
492 3920 556 3973 ¹7²·
804 3903 986 3967 bananica
996 3903 1318 3971 montem,florumfera·

290 3998 334 4051 7²·
355 3982 444 4033 Herma
468 4007 480 4029 ι
497 3994 537 4036 est
552 3983 613 4035 loco
634 3982 759 4053 precelso
803 4001 860 4035 cem
879 4002 950 4049 esse,
968 3986 1022 4038 mel
1035 3986 1177 4057 Hyblaeum
1194 3984 1257 4038 satis
1273 3984 1318 4037 in-
1357 4050 1361 4060 ι

248 4074 326 4132 atque
353 4058 439 4124 edito,
455 4078 509 4130 quo
536 4062 564 4114 in
589 4080 693 4115 summo
719 4072 759 4115 est
802 4060 880 4117 dicat.
895 4064 936 4117 De
951 4065 1077 4118 Panchaeis
1089 4067 1144 4135 jam
1158 4062 1259 4119 dietum
1273 4074 1317 4115 est

246 4153 347 4213 eqrrata
360 4139 415 4211 agri
431 4138 571 4210 planitias,
586 4154 612 4195 et
624 4160 698 4213 sque
708 4160 757 4212 pe·
802 4140 835 4195 ad
849 4144 917 4208 VII,
931 4162 995 4197 aro.
