3034 4900
267 503 335 573 ψ
423 453 428 461 “
498 481 574 548 cu.
603 479 908 550 strunium
935 481 1081 548 xxxi.

260 612 390 694 AEstus,
409 623 442 678 et
463 625 562 680 exuto
581 609 784 680 translucent
800 627 933 705 pectore
955 611 1097 680 frondes.

260 715 371 784 Idaliae
389 716 482 808 juxta
501 715 645 804 famulae,
665 716 847 812 triplexque
863 719 1006 786 vicissim

260 821 353 889 Nera
370 823 431 890 sub
453 824 577 918 ingenti
598 824 772 917 requiescit
785 825 900 894 Gratia
915 848 1049 917 quercu.

260 930 397 996 Penuati
417 930 537 1022 passim
559 930 670 1022 pueri,
688 955 754 1022 quo
775 954 940 1024 quemque
955 930 1087 998 vocavit

261 1035 556 1128 Umbra,jacent:
579 1035 707 1104 fluitant
729 1059 846 1119 arcus,
869 1037 1032 1128 ramisque
1050 1035 1243 1128 propinquis

261 1140 445 1210 Pendentes
462 1139 591 1234 placido
609 1143 775 1234 suspirant
792 1143 867 1234 igne
886 1141 1058 1235 pharetrae.
1170 1138 1173 1144 ’

261 1249 340 1316 Pars
363 1245 477 1338 vigiles
497 1246 634 1333 ludunt,
656 1261 714 1315 aut
734 1271 795 1342 per
814 1245 957 1341 virgulta
976 1259 1162 1340 vagantur:

261 1353 458 1420 Scrutantur
474 1352 568 1421 nidos
583 1353 708 1440 avium,
730 1350 782 1420 vel
798 1353 927 1422 roscida
942 1351 1007 1423 tati

241 1457 349 1526 -Mala
364 1455 477 1552 legunt
498 1459 623 1527 donum
641 1459 799 1545 Veneris,
820 1460 989 1553 flexusque
1010 1471 1192 1551 sequuntur
1297 1488 1320 1525 ιε

260 1562 423 1648 Palmitis‚
448 1579 481 1632 et
502 1588 646 1634 summas
668 1566 784 1657 pennis
805 1562 969 1633 librantur
988 1566 1021 1633 in
1040 1561 1159 1633 ulmos.

260 1667 454 1738 Defendunt
475 1668 528 1739 alii
546 1669 677 1754 lucum;
694 1670 909 1765 Dryadasque
928 1694 1086 1764 procaces

260 1776 438 1869 Spectandi
453 1776 610 1871 cupidas,
629 1790 661 1844 et
682 1778 804 1846 rustica
825 1777 971 1844 Numina
988 1774 1134 1870 pellunt,

261 1879 500 1975 silvestresque
514 1884 624 1951 Deos:
641 1881 803 1976 longeque
818 1881 986 1950 tuentibus
1005 1895 1139 1950 autrum

259 1985 423 2055 Flammea
438 1986 566 2056 lascivis
578 1988 753 2057 intendunt
764 1987 888 2082 spicula
901 1988 1031 2056 Faunis.

238 2128 242 2133 ·
261 2092 375 2182 Quum
397 2093 505 2162 subito
528 2094 638 2162 varius
658 2095 767 2162 vicina
784 2093 910 2163 clamor
926 2092 968 2160 ab
990 2093 1090 2179 urbe,

258 2200 302 2266 Et
322 2198 419 2268 sausti
435 2199 595 2292 juvenum
621 2200 770 2294 plausus,
792 2202 962 2294 mistaeque
984 2200 1114 2269 choreis

301 2419 326 2469 7.
339 2399 428 2452 AEstus
438 2399 582 2473 respondet
594 2399 705 2465 consilio
718 2399 770 2451 Ve-
813 2397 977 2464 docentium,
990 2411 1116 2471 tanquam
1127 2414 1184 2450 rem
1192 2396 1236 2448 sni
1244 2395 1324 2467 juris:

261 2480 331 2532 neris
338 2519 346 2545 ,
361 2498 385 2531 v.
401 2480 540 2551 r,frigore
550 2480 691 2551 quaerentia
702 2498 772 2531 som·
814 2497 875 2532 aves
898 2480 969 2532 enim
991 2477 1103 2530 subdita
1125 2478 1252 2527 Amorum
1273 2475 1326 2526 im·

263 2577 320 2611 nos.
336 2558 420 2611 Certus
431 2561 503 2629 conj.
518 2558 610 2612 Heina.
623 2556 696 2630 quod
707 2576 771 2611 sane
813 2559 959 2630 pariorum
968 2557 1169 2626 maximequum
1175 2552 1324 2607 nidificant.

263 2636 340 2691 decet
362 2639 509 2707 Venerem,
524 2636 587 2703 sed,
608 2638 659 2691 nisi
678 2637 772 2703 fallor,
814 2670 855 2680 -
868 2637 971 2690 Roscida
988 2638 1053 2688 mah
1069 2653 1125 2687 non
1138 2631 1324 2703 simpliciter-a

263 2715 771 2771 nonvaldedecethunolocum.Fr·ou·
814 2736 875 2769 rore
900 2714 1052 2778 madentia;
1081 2712 1175 2766 caloris
1200 2710 1272 2763 enim
1298 2723 1326 2764 et

263 2796 304 2847 des
315 2796 771 2866 nombrcempectore,h.e.trensmit·
815 2809 891 2849 cestus
905 2792 1006 2848 vitandi
1024 2810 1102 2846 cauae
1118 2788 1225 2843 anuuin
1240 2790 1326 2843 anhiit

265 2888 325 2928 tunt
337 2873 506 2946 splendorem
522 2877 592 2929 nivei
608 2876 732 2948 pectoris.
815 2876 909 2927 Venus
921 2865 976 2941 (cf.
986 2891 1011 2924 v.
1026 2881 1060 2941 47
1071 2863 1100 2940 ):
1112 2868 1160 2924 sed
1172 2870 1229 2942 ipsa
1244 2888 1326 2923 amoa-

305 2957 330 3008 8.
343 2955 546 3021 ldclr'oefirmuloe,
559 2956 702 3027 Nympha,
711 2974 773 3027 qua·
814 2955 884 3007 nitas
896 2951 1001 3005 videtur
1016 2951 1069 3004 hoc
1084 2950 1202 3020 epitheto
1215 2949 1326 3020 signari,

264 3054 325 3088 rum
352 3053 430 3088 omne
459 3052 541 3106 genua
570 3048 712 3106 cognatum
746 3047 774 3086 et
815 3033 871 3087 sive
889 3033 923 3087 ait
937 3050 952 3085 a
967 3030 1097 3084 matutino
1116 3029 1215 3101 frigore
1230 3042 1257 3081 et
1273 3029 1326 3082 hu-

264 3114 408 3177 lamiliare,
423 3126 450 3167 et
462 3133 547 3186 prope
562 3112 675 3167 dixerim
689 3131 772 3185 pecu·
816 3128 889 3165 more
898 3151 906 3180 ,
916 3129 995 3184 quem
1004 3110 1114 3182 proprie
1124 3106 1259 3179 designat,
1271 3108 1325 3161 sive

263 3195 328 3248 liare
343 3194 453 3247 Veneri.
475 3194 574 3264 Triplex
591 3192 698 3259 Gratia,
720 3204 774 3246 tres
816 3194 849 3245 ab
873 3192 922 3243 alia
943 3209 1037 3246 cansa.
1061 3200 1092 3242 ut
1115 3188 1210 3240 roscida
1233 3188 1324 3248 mello,

266 3274 364 3327 Gratiae
374 3273 448 3327 nexis
459 3273 537 3327 etiam
552 3272 618 3326 dum
635 3273 774 3343 quiescunt
813 3290 905 3341 poma,
921 3283 971 3323 etc.

266 3353 438 3423 impletisque
451 3352 575 3406 brachiis.
858 3354 901 3404 16.
917 3350 1060 3402 Hbmntur,
1077 3350 1187 3400 Amores
1204 3346 1325 3418 petulan-

309 3432 588 3485 arremarensem
596 3432 774 3503 planerrervo,
817 3443 855 3482 tes
879 3430 985 3481 evolant
1006 3427 1040 3482 ad
1065 3428 1152 3498 apices
1173 3427 1326 3489 ulmorum,

267 3524 296 3563 ut
316 3511 338 3562 is
357 3510 449 3581 agitari
466 3530 479 3562 a
497 3524 577 3563 vento
597 3511 696 3581 possit,
712 3528 775 3562 areu
817 3509 912 3580 qtribus
930 3508 1034 3560 innexoe
1055 3518 1118 3560 sunt
1136 3506 1218 3569 vites,
1239 3516 1266 3556 et
1281 3502 1327 3557 hie

268 3589 388 3643 immoto.
817 3589 865 3641 alia
884 3588 983 3640 librant
1002 3586 1166 3658 petulantius
1181 3604 1188 3636 :
1206 3581 1235 3635 id
1254 3581 1328 3653 quod

309 3688 350 3722 12.
373 3666 474 3723 Audaci
492 3670 646 3739 metaphora
668 3669 705 3721 aic
727 3667 774 3721 de·
819 3662 1329 3733 satisindicatnatnramdmorum,qni

266 3750 357 3802 scribit
372 3762 478 3803 tenuem
498 3750 612 3803 luculam
626 3749 776 3819 apharetra
820 3748 847 3799 in
860 3749 934 3816 jocos
946 3759 974 3798 et
984 3746 1117 3799 lasciviam
1131 3742 1207 3795 effusi
1222 3754 1292 3794 sunt.

267 3838 293 3879 et
306 3828 404 3899 sagittis
418 3846 615 3900 repercussam,
635 3828 776 3899 imaginem
862 3825 1055 3897 17.nryadas,·
1073 3836 1136 3876 sunt
1156 3823 1198 3874 hee
1216 3821 1338 3890 numina,

269 3906 418 3959 animorum
427 3908 572 3961 amantium
578 3926 715 3979 nunquam
721 3908 778 3977 pla·
819 3906 962 3958 silvarum:
976 3910 1051 3976 Δρῦς,
1070 3906 1109 3968 ὸς,
1124 3919 1255 3973 quercua;
1266 3901 1342 3957 hinc„

267 4004 301 4037 ne
310 3984 534 4055 quietorum‚eed
544 3989 604 4041 lene
616 4000 687 4041 certe
698 3984 776 4058 quid·
819 3983 945 4054 Dryades.
1228 4033 1231 4044 ,

269 4064 329 4117 dam
346 4083 374 4116 ac
389 4066 467 4119 molle
482 4067 679 4137 suspirantium.
860 4085 905 4117 aa.
922 4066 1044 4126 Plausus,
1063 4061 1264 4115 acclamationes
1277 4076 1329 4125 po·

310 4151 353 4208 tl.
374 4144 452 4197 Nidus
470 4150 573 4207 aarum
597 4158 718 4215 quarunt
732 4145 774 4197 ni·
820 4144 876 4213 puli
901 4146 1074 4215 Hymenaeum
1105 4150 1244 4210 canentem
1267 4152 1344 4219 uam²
