3034 4900
260 462 334 549 354
496 463 572 530 CL.
600 460 906 530 CLAUDIANI
933 462 1074 531 XLIX.

258 600 345 667 Viva
365 608 541 663 coronatos
562 590 737 685 adstringit
757 616 856 661 scena
870 616 1030 689 vapores,

310 706 354 770 Et
368 699 450 769 levis
465 698 540 768 exili
558 700 681 768 cortice
697 713 787 767 terra
800 714 908 785 natat,

257 808 520 900 Calcantumque
535 807 628 874 oneri
646 829 828 899 numquam
845 830 977 875 cessura
993 808 1159 891 virorum,

311 918 480 984 Sustentat
496 910 662 1006 trepidum
680 912 748 981 lida
763 913 859 980 ruina
874 912 1002 1007 pedem.

256 1026 356 1091 Facta
373 1044 474 1088 manu
492 1018 627 1102 credas,
647 1020 693 1088 sic
714 1016 802 1087 leves
819 1020 939 1088 circuit
957 1044 1031 1089 oras

310 1125 478 1210 Ambitus,
498 1140 532 1193 et
546 1126 654 1193 tenuis
671 1139 917 1219 perpetuusque
933 1128 1026 1220 riget.

258 1238 394 1303 llaerent
412 1245 529 1325 stagna
550 1230 624 1299 lacu
642 1228 757 1325 plenas
776 1233 939 1324 aequantia
957 1234 1064 1327 ripas,

310 1340 608 1432 Praescriptumque
626 1338 746 1406 umeut
763 1336 963 1407 transiluisse
980 1338 1138 1407 modum:
1162 1418 1163 1426 ἵ

221 1468 224 1475 ·
257 1445 360 1536 Quod
381 1457 533 1538 superat,
549 1444 669 1512 lluvius
689 1442 815 1512 devexa
834 1462 917 1539 rupe
935 1444 1068 1514 volutus

309 1552 442 1646 Egerit,
457 1564 490 1618 et
512 1549 620 1645 campi
638 1549 737 1619 dorsa
754 1574 894 1620 recurva
912 1553 1004 1645 petit.
1020 1604 1022 1611 .

257 1658 403 1728 Devehit
423 1670 597 1750 exceptum
619 1658 733 1725 nativo
751 1658 840 1751 spira
860 1673 971 1728 meatu
987 1685 996 1744 ;

257 1822 766 1901 vaporesexbalantesdllemargohub·
802 1840 805 1847 ’
851 1830 1322 1901 49.lnves,·ienesalii:paruminterest.

256 1911 333 1982 jectis
341 1908 408 1962 saxis
418 1907 548 1979 pumiceis
557 1898 715 1976 fornicatus)
727 1922 768 1961 est
854 1910 900 1963 50.
925 1910 1054 1973 Ambitus,
1080 1928 1161 1981 quem
1190 1914 1321 1979 marginem

260 2005 330 2043 terra
345 2007 405 2059 quae
418 1987 481 2041 exili
492 1986 590 2041 cortice
604 2000 691 2039 natare
701 2006 767 2059 pro·
812 1988 896 2043 modo
909 2003 1033 2057 vocarat,
1051 2004 1110 2043 teres
1121 1990 1207 2041 labium
1219 1988 1322 2043 Cassio·

258 2082 320 2143 pter
345 2069 479 2122 clastieam
508 2066 684 2122 mobilitatem
714 2066 769 2121 dioi
813 2068 1017 2139 dorius,tenuis
1028 2072 1072 2124 ille
1083 2069 1193 2141 quidem
1203 2070 1324 2135 est,erili

258 2162 363 2222 potest,
376 2162 426 2202 ete.
814 2155 918 2215 cortus,
941 2150 988 2205 sed
1006 2164 1094 2205 tamen
1114 2162 1259 2221 perpetuus,
1277 2167 1322 2201 co-

302 2230 348 2294 45.
361 2227 538 2281 Adconnnn
547 2227 607 2281 illos
616 2248 719 2300 vapores
729 2229 769 2282 in·
813 2231 936 2296 haerens,
949 2236 1026 2301 riget,
1039 2232 1154 2301 rigorem
1169 2242 1195 2283 et
1204 2243 1322 2281 tenorem

259 2308 415 2382 telligendos
428 2306 543 2360 mirifice
556 2308 771 2362 accommodatus
816 2328 893 2363 suum
906 2323 998 2363 servat.
1006 2312 1267 2379 -Alneus...·rigat,
1280 2308 1323 2361 rel

261 2402 302 2444 est
318 2387 480 2443 Cassiodorii
503 2387 580 2440 locus
598 2406 656 2441 non
675 2388 771 2459 procul
816 2390 1012 2460 ambitus...ligat
1024 2392 1094 2461 oonj.
1111 2388 1203 2443 Heius.

261 2472 295 2524 ub
319 2471 416 2535 initio,
440 2469 488 2522 ubi
505 2479 636 2520 memorat
657 2469 771 2534 firmares
858 2469 904 2522 51.
923 2471 1007 2521 Plenoe
1028 2473 1087 2538 ripa
1108 2467 1179 2522 idem
1205 2479 1323 2532 notant,

263 2551 424 2602 anhelantium
439 2567 554 2621 aquarum
567 2549 728 2600 cbrumducto
739 2560 772 2599 te·
816 2547 889 2622 quod
904 2550 992 2601 alveus
1006 2549 1108 2618 plenus.
1131 2548 1323 2600 Vehementius

264 2636 309 2683 reti
328 2630 393 2682 labio
407 2623 460 2691 (sio
475 2629 588 2699 pulchre
607 2627 701 2680 Garet.
720 2645 772 2698 pro
816 2629 896 2680 etiam
913 2625 1110 2691 Cassiodorius,
1126 2651 1136 2673 ι
1153 2625 1208 2678 Ore
1223 2626 1323 2694 plenis-

263 2708 380 2763 absurdo
393 2708 440 2760 illo
454 2707 595 2765 tentilatio)
608 2719 702 2760 natum
711 2726 772 2777 pro-
816 2706 900 2770 simo,
913 2705 942 2757 in
956 2705 1065 2777 sphaera
1079 2703 1267 2769 similitudine,
1279 2724 1322 2758 su-

265 2789 341 2841 babili
361 2787 514 2857 dispositione
533 2799 669 2838 comnotus.
683 2787 772 2850 Quem
816 2803 864 2858 pra
878 2783 1004 2837 terminos
1021 2801 1082 2836 suos
1097 2802 1227 2854 aquarum
1243 2781 1322 2838 dorsa

266 2871 397 2937 marginem
417 2875 495 2918 vocat
515 2864 615 2928 Poeta,
639 2863 706 2917 illud
733 2879 773 2918 est
815 2861 1323 2936 turgescuntzundelatextautaquiete

266 2962 326 3000 teres
344 2946 432 2997 labium
456 2940 628 2996 cassiodorii.
650 2945 773 2998 Fornaces
816 2943 925 3010 defluit,
940 2936 1101 3015 tauta'quasi
1117 2944 1259 2998 stabilitate
1274 2943 1322 2998 de-

265 3028 403 3080 ambulantes
423 3025 451 3076 in
472 3021 593 3076 termiis-
606 3025 708 3094 magnis
724 3027 773 3097 qui
816 3024 916 3091 currit,
936 3035 968 3076 ut
990 3041 1051 3076 eum
1071 3041 1127 3076 non
1141 3036 1217 3096 putes
1231 3023 1321 3077 decre·

266 3107 389 3169 viderit,
419 3103 473 3157 illis
505 3101 588 3173 igneis
629 3105 773 3175 vaporibus
816 3123 901 3170 scere,
916 3105 968 3157 uisi
981 3104 1042 3175 quia
1053 3101 1116 3157 inde
1129 3101 1230 3175 aliquid
1240 3123 1321 3158 rauco

266 3201 356 3241 mente
382 3184 524 3238 substituat
547 3183 680 3235 minantis
699 3203 773 3256 aquas
816 3197 953 3238 mrumure
966 3183 1047 3237 sentis
1058 3184 1138 3237 exire.
1150 3209 1161 3230 ι

267 3265 398 3320 fervidam
412 3262 613 3326 ebullitionem,
625 3274 652 3314 et
666 3263 774 3318 habebit
859 3263 905 3318 55.
923 3263 1014 3336 Spita,
1035 3263 1103 3332 lossa
1117 3263 1161 3316 vel
1177 3262 1264 3316 alveus
1277 3281 1320 3314 ra-

267 3346 410 3415 imsginem
432 3341 536 3412 Aponi,
564 3341 670 3413 qualem
693 3345 773 3397 Clau·
816 3343 871 3397 rios
900 3343 982 3397 flexus
1013 3344 1124 3398 habeus.
1154 3340 1322 3396 Cassiodorio

266 3425 374 3488 dianus,
387 3441 474 3494 quum
488 3421 538 3474 ista
553 3421 695 3492 scriberet,
709 3443 773 3477 oon·
817 3443 915 3476 rucuma
932 3427 1027 3495 spatia,
1042 3443 1096 3495 quoe
1115 3435 1167 3475 arta
1181 3424 1253 3491 sacta
1268 3434 1323 3475 sunt

267 3515 382 3579 oeperm.
818 3505 937 3573 longiora.
955 3503 1096 3556 Anfractus
1110 3503 1160 3557 hos
1175 3501 1240 3556 dum
1261 3521 1322 3574 per·

308 3589 353 3650 46.
376 3584 491 3642 Fomiae,
518 3581 563 3634 rel
587 3585 682 3650 cuspite
703 3586 789 3656 conju
818 3585 902 3638 currit
916 3603 999 3656 aqua,
1014 3583 1141 3655 paulatim
1155 3583 1322 3655 tepescit.—

267 3667 358 3720 lleins.
370 3664 414 3718 rel
429 3672 575 3715 oeu...natet.
818 3663 921 3716 Putidus
937 3663 1029 3736 plumbi
1047 3666 1102 3714 nias
1117 3682 1172 3716 esse
1187 3681 1244 3729 eas,
1259 3681 1322 3734 quus

310 3749 355 3808 48.
370 3743 436 3798 Fida
458 3744 545 3804 ruina,
567 3739 687 3811 jucunda
705 3742 774 3795 anti·
818 3743 918 3797 listulas
933 3743 1026 3798 dicunt
1039 3743 1189 3809 architecti,
1202 3756 1321 3814 apparet:

266 3827 344 3880 thesi.
357 3825 412 3890 Qui
424 3820 554 3875 incedunt
563 3839 612 3892 per
621 3820 698 3873 illum
709 3839 775 3876 mar-
818 3835 846 3876 et
862 3823 945 3878 utitur
960 3823 1048 3878 statim
1067 3823 1119 3876 hoc
1140 3823 1248 3876 nomine
1267 3821 1323 3893 ipse

265 3906 370 3978 ginem,
384 3903 489 3956 ruinam
504 3903 540 3954 ob
558 3900 681 3953 instabile
693 3915 720 3954 et
731 3919 773 3954 re·
818 3903 912 3958 Poeta.
925 3935 964 3948 -
976 3902 1066 3974 Spiona
1079 3903 1151 3972 vulg.
1161 3905 1230 3973 spina
1245 3899 1320 3953 MSS.

265 3985 419 4057 percutiens
427 3982 566 4052 vestigium
578 3991 702 4033 metuunt
710 4020 718 4044 ,
726 3981 774 4035 sed
818 3981 879 4038 Atd.
888 3988 1056 4055 uicinospuma
1065 4001 1170 4046 recurvo,
1180 3979 1237 4034 MS.
1246 3985 1323 4050 sigma

264 4066 310 4117 illa
327 4063 384 4132 fida
406 4073 462 4126 est,
488 4061 558 4113 nihil
585 4061 648 4113 mali
672 4058 774 4126 adfert,
819 4066 889 4134 conj.
908 4064 999 4117 Barth.
1018 4063 1037 4114 i.
1056 4081 1080 4114 e.
1095 4063 1182 4134 ligura
1194 4061 1276 4114 litere
1292 4061 1322 4114 C.

263 4143 352 4198 ruenti
366 4141 458 4195 similis
471 4159 576 4212 semper
586 4139 702 4194 restituit
717 4160 753 4194 se.
818 4141 891 4214 Spita
904 4146 972 4215 conj.
986 4141 1076 4196 Heius.
