3034 4900
349 364 417 431 DE
445 365 597 432 CONS.
626 367 850 434 STILICH.
880 367 974 433 LIB.
1003 368 1072 435 ΙΙΙ.
1197 395 1240 466 17

174 491 252 566 Fata
273 495 364 584 solo,
383 479 569 590 fruiturque
586 499 724 586 iterum,
740 497 859 592 quibus
874 497 1017 567 ltaeserat
1031 497 1129 587 olim,

175 603 356 697 Auspiciis,
371 604 537 697 capitique
558 605 701 672 errantia
719 603 869 672 membra
886 608 1025 698 reponit.

223 710 383 778 Proxime
403 709 453 778 dis
474 708 609 798 consul,
624 712 682 803 qui
698 725 798 779 tantae
812 711 973 804 prospicis
989 711 1083 800 urbi,
1205 743 1242 780 ιν.

178 816 251 903 Qun
275 814 362 883 nihil
386 817 419 883 in
439 818 536 884 terris
556 815 788 910 complectitur
806 815 903 885 altius
921 817 1048 903 aether3

177 921 278 1014 Cujus
302 945 367 990 nec
388 923 532 1017 spatium
553 923 664 1009 visus,
683 947 745 992 nec
767 922 868 992 corda
891 921 1066 1010 decorem,

176 1027 244 1096 Nec
266 1025 404 1096 laudem
428 1046 494 1096 vox
517 1026 584 1096 ulla
606 1031 717 1122 capit;
735 1038 808 1122 qirae
828 1027 901 1096 luce
920 1027 1044 1097 metalli
1152 1086 1155 1090 ,

175 1131 307 1202 AEmula
329 1135 446 1202 vicinis
467 1133 596 1227 fastigia
617 1137 759 1203 conserit
777 1135 890 1220 astris3

176 1239 259 1327 Quae
282 1255 412 1335 septem
439 1239 582 1334 scopulis
603 1265 702 1310 zonas
724 1242 871 1309 imitatur
889 1238 1043 1335 Olympi,
1207 1273 1244 1312 σε

176 1449 372 1520 triumphantia
392 1447 450 1502 solo
480 1447 572 1502 natali.
585 1479 625 1491 -
641 1451 690 1501 Vi·
736 1450 807 1503 terii
823 1451 857 1502 Et
869 1467 932 1502 sene
947 1450 1061 1504 Achilles
1072 1452 1166 1505 Tetios
1177 1453 1244 1527 Iseg.

176 1531 259 1580 etr-irin
270 1529 347 1581 Feta.
359 1529 428 1594 Quae
446 1529 501 1584 t'ate
516 1529 565 1582 etsi
586 1530 690 1582 statuis·
734 1528 762 1582 in
776 1530 866 1582 Phaen.
878 1548 901 1584 c.
918 1530 985 1582 XVI
994 1551 1036 1602 ‚p.
1055 1531 1126 1598 135,
1137 1534 1244 1597 D,me·

177 1621 234 1660 sent
244 1621 323 1680 ceput
333 1609 442 1679 imperii
453 1627 559 1678 semper
569 1625 624 1661 esse
637 1609 690 1660 tto·
733 1623 821 1661 morat
832 1609 909 1670 ζώνας
919 1608 985 1671 τινὰς
997 1610 1074 1678 imis,
1082 1605 1117 1662 ἆτ’
1125 1606 1157 1664 ὧν
1164 1614 1242 1683 pipm-

178 1703 260 1751 mmn,
274 1686 476 1760 quodammodo
487 1689 556 1740 victa
567 1687 690 1752 inissent,
734 1708 775 1740 rm
794 1690 816 1740 οἱ
832 1687 898 1742 ἔπτὰ
914 1691 1024 1761 ἀστέρες.
1040 1691 1076 1742 Et
1089 1710 1112 1743 e.
1132 1691 1242 1759 XVIII,

179 1765 200 1818 si
216 1769 370 1820 consulatus
384 1768 524 1820 translatus
540 1779 607 1820 esset
621 1767 690 1820 Con·
732 1787 759 1838 p.
781 1768 835 1820 138
849 1807 857 1832 ,
870 1770 893 1819 A
906 1786 914 1822 ε
928 1771 950 1820 οἱ
973 1771 1118 1841 ἀστρονόμοι
1140 1767 1242 1824 διδόασι

180 1847 380 1918 stentinopolin.
391 1849 428 1900 At
442 1865 493 1918 per
512 1845 685 1900 Stilichonem
732 1847 810 1909 ζώνας
823 1853 872 1899 τῶν
889 1850 1019 1905 πλανήτων
1037 1850 1161 1920 ἀστέρων,
1178 1853 1190 1903 ὁ
1211 1847 1241 1904 di

179 1927 324 1996 perlectum
342 1940 395 1992 est,
413 1929 507 1994 ursata
527 1927 581 1979 sint
603 1929 688 1978 vieni·
731 1927 836 1978 IDsires
854 1929 957 1997 σραὶρας
974 1923 1034 1980 οἴνοιο
1046 1931 1120 1998 λέγει.
1139 1930 1242 2001 Nempe

181 2009 233 2067 cie,
250 2007 454 2078 consulatusque
467 2007 566 2059 haereat
579 2006 606 2056 in
623 2007 689 2059 urhe
731 2018 898 2058 astronomus
912 2008 985 2058 zonis
1007 2019 1110 2059 tantum
1129 2010 1240 2079 quibus·

182 2083 278 2150 Rome,
288 2085 383 2138 iisdem
395 2085 536 2157 auspiciis,
551 2085 646 2156 quibus
659 2086 687 2136 in
733 2083 794 2138 dnm
805 2103 871 2155 opus
879 2087 956 2137 hebet
964 2124 972 2149 ‚
981 2085 1009 2137 in
1021 2084 1117 2156 quibus
1127 2089 1240 2158 planetu

183 2164 314 2236 principio
323 2166 477 2218 constitutus
484 2165 688 2218 est—Seducere
731 2177 905 2217 moveantur:
921 2163 996 2217 Plato
1012 2175 1039 2216 et
1053 2167 1141 2224 ceteri
1154 2167 1239 2237 sphae·

185 2245 385 2314 impuritiam
392 2245 525 2316 J'amtonj.
537 2243 627 2297 Barth.
730 2261 773 2295 ras
791 2243 859 2295 totis
877 2241 973 2296 solidas
992 2243 1109 2309 iaciunt,
1129 2247 1239 2300 musice

226 2342 290 2391 ¹²9·
313 2325 406 2394 Repom'
431 2323 542 2396 proprie
561 2321 688 2377 dicuntur
730 2313 1238 2394 eoelestiaptiores.Verumetiamzonoe,

184 2405 296 2458 menbra
314 2405 413 2459 luxata.
729 2400 839 2455 solemni
871 2404 1082 2475 geographorum
1107 2405 1239 2476 significa·

220 2486 281 2538 131.
300 2485 423 2537 Breviter
438 2484 567 2537 Horatius
583 2483 689 2537 invocat
730 2482 802 2535 tione
815 2496 940 2555 accepte,
951 2484 1066 2537 celestes
1078 2498 1179 2550 motus,
1195 2506 1238 2539 so·

182 2560 276 2631 Solem,
284 2564 345 2617 Cer.
355 2582 413 2618 soc.
425 2582 469 2617 11:
476 2564 624 2635 possisnilr'l
631 2563 688 2615 urbe
729 2562 763 2615 lis
778 2580 887 2627 cursus,
901 2562 1045 2616 definiunt.
1061 2565 1145 2617 Roma
1157 2564 1237 2619 dehet

181 2640 252 2695 Rom
267 2646 354 2697 Visere
365 2646 451 2713 majus.
729 2641 824 2712 imago,
835 2643 901 2712 quin
911 2641 1098 2714 compendium
1109 2663 1175 2708 esse,
1182 2664 1238 2697 non

223 2722 287 2778 133.
299 2725 400 2777 Delece
409 2724 513 2785 metelli,
522 2722 539 2774 i.
549 2740 573 2774 e.
585 2720 685 2775 euroin
728 2722 909 2791 planetarum,
923 2720 968 2775 sed
980 2724 1061 2776 totius
1070 2725 1142 2776 orbis
1154 2737 1237 2778 term·

181 2804 257 2855 tectis
273 2802 379 2857 dictum
388 2804 469 2875 paulo
484 2800 586 2855 entend
600 2821 625 2853 v.
639 2806 685 2855 66.
729 2802 872 2853 numiam
893 2800 1053 2855 Posidonius
1075 2802 1146 2874 opud
1164 2804 1237 2857 Stra·

218 2884 471 2948 134.Vicinisastris
482 2880 687 2935 videtureltitu·
730 2880 844 2945 bouem,
865 2882 907 2945 11,
931 2900 959 2950 p.
984 2883 1038 2945 65,
1062 2882 1114 2947 45,
1135 2896 1236 2954 septem

180 2958 266 3015 dinem
283 2964 363 3016 simul
379 2976 406 3016 et
419 2963 549 3033 fulgorem
569 2960 602 3013 ab
621 2980 687 3014 curo
730 2978 809 3013 zonas
825 2959 905 3023 iacit,
918 2960 970 3011 illis
985 2962 1104 3031 quinque
1119 2962 1235 3033 antiquis

179 3051 308 3095 tectorum
320 3043 433 3113 signare.
730 3038 925 3110 ducssdjiciens
931 3041 1105 3109 angustiores,
1111 3042 1146 3102 ei,
1155 3060 1236 3111 quarn

221 3124 288 3175 135.
297 3124 381 3175 Zanes
392 3122 531 3193 hicseptem
540 3120 687 3192 ponit,qui
730 3119 858 3171 torridam
886 3130 1004 3182 vocant,
1032 3121 1237 3192 temporalisque

177 3214 267 3254 temen
280 3202 337 3273 ipse
349 3220 518 3255 communem
530 3214 633 3253 secutus
649 3218 689 3252 ra·
730 3196 812 3264 adeo,
834 3198 962 3269 utrinque
981 3196 1014 3250 ad
1035 3199 1169 3268 tropicos,
1189 3202 1242 3272 qui¹

175 3282 276 3335 tionem
288 3282 367 3347 inire,
374 3279 688 3351 xxx1u,258‚qunque
730 3276 831 3331 medies
851 3278 899 3330 hes
918 3294 996 3331 zonas
1015 3290 1125 3344 secmt,
1144 3278 1236 3332 decer·

171 3362 260 3432 plagas
282 3362 398 3434 appellat
418 3380 448 3416 oc
465 3358 599 3413 describit.
614 3359 687 3411 Hau·
729 3372 805 3429 ptas:
819 3354 864 3410 δύο
877 3359 952 3419 ἄλλοις
966 3356 1055 3419 στενὰς
1068 3358 1113 3418 τὰς
1125 3360 1171 3411 ὑπὸ
1186 3364 1236 3419 τοῖς

174 3442 242 3496 sitne
251 3462 282 3495 ex
292 3440 443 3513 Orphicis?
453 3441 533 3493 Certe
545 3439 589 3491 hio
598 3438 687 3504 etiam,
728 3442 867 3509 τροπικοῖς,
887 3436 941 3489 καθ’
956 3440 984 3499 ἃς
1000 3438 1075 3507 ἥμισύ
1090 3460 1143 3497 πως
1164 3440 1237 3508 μηνὸς

177 3520 256 3593 llym.
269 3522 325 3585 VI,
340 3522 367 3586 8,
380 3520 476 3583 stelles,
492 3520 607 3587 ἀστέρος,
622 3518 687 3571 cele·
729 3516 796 3569 κατὰ
802 3516 901 3586 κορυφήν
910 3519 975 3568 torte
988 3519 1000 3569 d
1011 3519 1091 3580 ἥλιος,
1103 3514 1165 3584 δίχα
1175 3515 1241 3568 δοσι-

176 3598 434 3671 δτιτιιιιτίτττσρσοῑς
446 3599 525 3661 ζώνας
535 3598 684 3668 ἑρορώμονοι,
728 3599 845 3668 ρουμένοις
860 3597 907 3648 ὑπὸ
922 3603 970 3647 τῶν
991 3603 1123 3666 τροπικῶν.
1139 3593 1240 3647 Eodem

179 3680 224 3749 qni
234 3680 371 3751 inspiciant
382 3698 464 3733 zonas
474 3676 640 3748 septemplici
647 3678 688 3729 lu·
730 3677 847 3748 pertinet
853 3676 928 3728 loeus
936 3676 1059 3739 Gemini,
1066 3676 1084 3726 1.
1093 3692 1117 3725 ο.
1126 3692 1149 3725 c.
1157 3671 1240 3737 XIII,

178 3775 212 3811 ce
226 3760 365 3830 fulgentes?
376 3760 432 3814 Sed
445 3756 513 3831 quid
528 3757 549 3809 si
560 3757 602 3809 hee
614 3772 686 3809 tonte
731 3774 758 3827 p.
776 3758 829 3817 54,
847 3756 896 3825 qui
912 3750 1118 3807 Posidonianam
1133 3765 1239 3806 senten·
1255 3800 1258 3804 .

178 3836 300 3908 Orphicoe
316 3841 419 3912 pariter
438 3852 466 3891 et
480 3834 622 3890 Claudiani
636 3836 688 3888 sint
732 3836 795 3888 tiam
807 3848 868 3887 turn
880 3851 913 3885 ex
924 3832 1035 3884 historia
1047 3831 1176 3897 illustret,
1188 3833 1239 3884 Po-

174 3916 344 3971 Pleuetsrnm
364 3922 465 3981 orbes,
479 3918 543 3987 qui,
558 3928 588 3968 ut
602 3914 689 3968 zodia·
733 3915 808 3986 lybio
823 3911 969 3984 presertim
985 3910 1039 3981 σιρὶ
1059 3916 1102 3971 τῆς
1124 3913 1179 3982 περὶ
1199 3914 1239 3961 τὸν

173 4016 235 4063 eus,
251 4014 361 4070 present
372 4015 509 4054 zonarum
524 3996 605 4049 instar
620 3994 690 4065 cogi-
736 3994 870 4063 ἰσημερινὸν
880 3990 1008 4058 οἰκήσιος,
1016 4004 1074 4045 tum
1085 4011 1116 4044 ex
1127 3991 1244 4045 ratione·

224 4112 274 4176 II.
1044 4124 1063 4166 n
