3034 4900
297 430 371 506 352
536 436 611 533 CL
639 436 943 508 CLAUDIANI
971 441 1110 508 XLIX.

346 567 481 637 Pumice
499 568 637 638 rimosas
653 568 803 664 perforat
819 570 907 643 unda
926 570 1007 641 vias.

293 673 440 745 Humida
459 673 666 743 flammarum
687 678 778 771 regio
791 674 970 764 Vulcania,
988 692 1083 749 terre

346 780 479 869 Ubera,
500 779 653 851 sulfiireac
670 781 798 851 fervida
819 808 921 879 regna
939 783 1052 879 plaga.

292 888 377 978 Quis
399 884 543 957 sterilem
564 912 634 957 non
654 888 769 957 credat
788 888 954 960 humum?
969 890 1130 961 fumantia
1148 904 1290 960 veniant

344 996 488 1079 Pascua,
505 992 649 1064 luxuriat
667 997 815 1091 gramine
834 1012 930 1067 cocta
952 996 1049 1082 silex;
1113 1079 1117 1095 '

290 1103 336 1170 Et
351 1125 457 1195 quum
473 1102 519 1170 sic
536 1100 650 1195 rigidae
667 1116 780 1171 cautes
797 1102 928 1173 fervore
943 1102 1143 1198 liquescant,

343 1209 551 1302 Contemptis
569 1207 677 1277 audax
692 1208 824 1302 ignibus
841 1209 946 1279 herba
962 1212 1057 1279 viret

290 1318 454 1384 Praeterea
473 1312 615 1408 grandes
635 1314 757 1383 effosso
775 1339 941 1387 marmore
960 1314 1041 1384 sulci

345 1421 463 1490 Saucia
481 1419 661 1514 longinquo
682 1420 788 1490 limite
809 1444 888 1491 saxa
907 1436 1029 1491 secant.

291 1524 447 1595 Herculei
465 1517 530 1615 (sic
550 1525 639 1595 fama
657 1520 777 1617 refert)
794 1542 999 1598 monstratur
1015 1528 1115 1597 aratri
1330 1556 1355 1594 ,ε

344 1632 484 1715 Semita,
498 1630 550 1701 vel
566 1656 661 1702 casus
676 1635 820 1704 vomeris
838 1636 906 1731 egit
921 1659 1016 1729 opus.

291 1742 332 1808 In
352 1738 479 1827 modio,
499 1738 607 1833 pelagi
624 1736 689 1809 late
705 1740 875 1833 flagrantis
892 1742 1019 1835 imago,

344 1844 493 1915 Caerulus
508 1846 669 1916 immenso
684 1847 841 1941 panditur
859 1872 916 1916 ore
932 1846 1043 1932 lacus,

292 1953 424 2047 Ingenti
440 1951 533 2021 fissus
547 1953 653 2046 spatio
668 1978 678 2039 3
699 1950 757 2021 scd
773 1953 880 2047 major
895 1956 930 2022 in'
945 1950 1049 2022 altum

344 2060 469 2143 Intrat,
486 2072 520 2126 et
534 2082 663 2127 arcanae
680 2061 773 2153 rupis
788 2060 885 2129 inane
902 2058 1012 2129 subit:

196 2200 202 2210 ·
292 2167 424 2234 Densus
440 2163 529 2233 nube
547 2189 623 2248 sua,
641 2179 798 2260 tactuque
815 2168 948 2236 immitis
965 2181 999 2234 et
1016 2166 1155 2254 haustu,

344 2270 410 2339 Sed
427 2272 541 2339 vitreis
555 2270 641 2341 idem
658 2270 786 2341 lucidus
805 2298 908 2368 usque
926 2272 1028 2342 vadis.

287 2505 389 2560 borum
397 2507 514 2560 fontium
523 2505 679 2579 prodeuntis
685 2508 800 2561 mentio·
887 2507 933 2561 23.
947 2509 987 2559 De
997 2505 1040 2558 bis
1053 2506 1131 2560 sulcis
1144 2505 1213 2558 nibil
1229 2517 1267 2558 cst
1279 2503 1353 2578 apud

291 2606 353 2640 nem
364 2592 473 2660 quoque
483 2586 630 2641 Vendellns
641 2589 712 2642 lacit.
844 2585 1040 2640 Cassiodorum.
1054 2586 1221 2655 longinquum
1236 2584 1281 2636 hic
1301 2604 1353 2656 pro

335 2671 380 2721 16.
395 2669 502 2719 buroam
522 2669 614 2721 Heius.
631 2687 656 2720 1.
677 2667 730 2718 Pro
745 2685 801 2736 pcr-
844 2665 958 2737 simplici
969 2665 1079 2734 longum
1092 2662 1148 2715 dici
1160 2674 1277 2734 apparet.

286 2747 379 2815 seirat,
402 2749 524 2817 perfluit,
552 2747 595 2799 vel
613 2747 704 2818 perluit
729 2749 799 2818 conj.
886 2741 1269 2806 26.Neevelni,velseuccsus
1279 2747 1352 2817 conj.

293 2827 387 2880 Heius.
406 2828 502 2878 limosas
513 2838 628 2896 personat
644 2825 802 2896 conjiciebat
843 2823 932 2876 Heius.
941 2823 1082 2884 Procerus,
1093 2821 1183 2883 Cacus,
1194 2822 1353 2892 conjiciebat

293 2903 402 2959 (li-asim
411 2907 430 2958 l.
440 2923 466 2958 c.
842 2903 967 2956 Barthius
978 2902 1062 2964 male,
1074 2899 1164 2972 judice
1177 2901 1296 2956 Heinsio.

337 3005 382 3056 17.
394 2985 445 3038 Hic
458 2985 537 3038 etiarn
547 2985 657 3054 gratiam
670 2996 758 3055 captat
769 3002 801 3037 ex
883 3001 928 3052 27.
943 2981 1085 3050 Stagimntis
1104 2984 1175 3052 conj.
1196 2981 1286 3034 Heius.
1303 2981 1351 3037 sed

293 3065 445 3128 antithetis,
453 3081 512 3136 quse
520 3064 558 3116 sic
566 3061 713 3116 ordinanda
724 3074 799 3116 sunt:
843 3061 925 3133 ipsius
934 3059 1035 3133 judicio
1048 3079 1103 3114 non
1114 3060 1268 3116 necessaria.

292 3145 366 3215 regio
376 3145 507 3200 Vulcania
519 3142 685 3195 flammarum
702 3143 801 3195 estbu·
885 3143 1086 3194 antummum
1106 3141 1140 3194 dc
1166 3139 1349 3212 profunditate

292 3223 381 3288 mida;
396 3242 477 3294 regna
492 3222 576 3293 plagas
595 3223 718 3275 sulfurea
737 3235 801 3275 sunt
843 3219 1038 3292 accipiendum.
1049 3219 1220 3274 Cassiodorus
1232 3221 1268 3274 ita
1279 3239 1286 3274 ε
1296 3220 1350 3274 Coe·

291 3303 411 3368 fervid23
439 3315 466 3354 et
489 3313 602 3372 unaque
622 3315 684 3356 sunt
706 3301 799 3356 cadem
842 3301 933 3353 reeleum
953 3303 1047 3368 fontem
1070 3302 1174 3354 vidimus
1203 3304 1227 3352 in
1242 3302 1349 3367 sonuum

292 3394 370 3434 terre
385 3382 477 3433 ubera.
842 3381 902 3432 dolii
916 3384 1024 3432 concavis
1039 3381 1141 3432 hiatibus
1157 3391 1310 3442 estuantem,
1325 3392 1351 3431 et

301 3505 306 3514 .
332 3479 375 3513 ao.
390 3460 459 3512 Plin.
478 3461 524 3526 11,
547 3461 597 3514 103
607 3499 616 3526 ,
628 3462 800 3514 Patavincmm
836 3463 951 3528 fornaces
966 3461 1126 3512 calculantium
1142 3479 1295 3531 aquarum...
1308 3499 1314 3511 .
1325 3499 1347 3514 ..

289 3539 397 3607 antibrn
414 3539 499 3591 calida
516 3539 595 3593 berboe
612 3545 716 3592 uiuentes
728 3544 799 3593 inna-
842 3559 897 3612 quse
910 3541 966 3592 licet
977 3557 1041 3591 more
1060 3541 1147 3592 calidae
1162 3540 1284 3592 nebulosos
1300 3559 1350 3591 uu-

291 3627 396 3672 scuntur.
413 3619 552 3672 Conlcrvn
562 3621 661 3692 species
673 3619 799 3691 quasdam
838 3639 909 3691 porus
924 3620 1048 3683 calcient,
1063 3620 1124 3672 lianc
1133 3631 1210 3670 tamen
1217 3619 1351 3689 jucundam

292 3699 373 3753 hodie
388 3699 416 3751 in
433 3700 598 3753 ferventibus
616 3701 692 3771 aquis
711 3701 801 3765 nasci,
838 3703 1031 3771 perspicuitatem
1042 3701 1173 3769 aspectibus
1180 3699 1287 3751 humanis
1294 3719 1351 3769 ape-

292 3780 440 3834 tremellan's
461 3780 527 3832 item
548 3791 575 3832 et
591 3781 705 3832 marinas
721 3797 798 3851 quas·
842 3783 921 3842 nunt,
939 3779 1062 3849 atquibus
1076 3780 1194 3830 ltomirrum
1209 3779 1276 3830 illum
1286 3797 1348 3847 gra·

293 3859 353 3914 dam
370 3861 473 3931 plantas
492 3880 525 3913 ex
536 3859 667 3912 Vandello
684 3859 799 3912 refertur
843 3863 900 3910 tiam
911 3859 1261 3928 desiderctcontlngeiu,etiam
1275 3877 1347 3930 quum

292 3940 311 3992 l.
325 3959 348 3992 c.
364 3959 394 4011 p.
410 3940 482 4005 6353
499 3939 579 3992 etiam
593 3940 714 3993 animalia
727 3957 799 4010 quae·
842 3958 889 3990 non
904 3942 998 4008 ignoret
1011 3938 1101 3991 ardum

292 4017 799 4090 dnm,intestinaaquatica,scarabteos
884 4019 929 4072 30.
959 4020 1059 4070 Arcotoe
1091 4019 1160 4088 conj.
1193 4016 1283 4070 Heius.
1319 4028 1349 4068 ut

292 4098 687 4170 amphibios‚verrnesculicum
701 4113 727 4152 et
739 4099 798 4152 alia.
843 4097 980 4162 XXVIII,
994 4097 1057 4150 518.
