3034 4900
452 445 525 512 DE
552 447 725 514 BELLO
752 448 964 516 GETICO.
1194 449 1240 520 55

121 577 224 642 Tres
242 577 381 668 potuit
397 599 555 670 superare
570 576 688 663 duces,
702 570 866 672 fregitque
880 574 1042 648 furentem
1093 650 1095 655 ,

125 681 394 768 Cunctando,
412 681 558 776 vicitque
576 705 695 768 manu,
710 684 902 777 victumque
920 683 1054 778 releget.

194 789 339 880 Atque
353 788 425 856 haec
439 800 532 855 tanta
543 788 636 856 brevi
646 791 837 858 miscentem
851 783 1002 858 incendia
1015 792 1179 884 Pyrrhum
1206 817 1242 860 ns

131 894 339 962 Sustinuit
356 905 429 962 toto
448 917 588 962 maerens
606 897 773 964 OEnotrin
790 894 909 978 lustro,

136 999 189 1065 Et
214 1023 347 1093 prope
367 1013 418 1068 ter
437 1022 532 1068 senas
551 1000 626 1070 Itali
647 1025 707 1095 per
726 1002 882 1095 graminis
899 1001 1019 1069 herbas

137 1103 341 1198 Massylus
357 1107 463 1174 Poeno
480 1107 611 1199 sonipes
628 1121 778 1176 vastante
793 1109 958 1189 cucurrit,

140 1208 465 1305 Hannibalemque
483 1235 595 1280 senem
618 1214 674 1280 vix
696 1213 739 1282 ud
764 1237 821 1282 sua
841 1211 985 1307 reppulit
1005 1235 1085 1280 arva

144 1315 310 1384 Vindex
326 1341 400 1386 sera
413 1332 547 1410 patrum
568 1333 643 1412 post
663 1317 786 1387 bellum
809 1334 886 1387 nata
904 1320 1070 1411 juventus.
1206 1347 1242 1385 m

144 1422 225 1490 uic
248 1420 347 1492 celer
364 1421 495 1510 effecit,
513 1421 632 1492 bruma
651 1449 693 1492 ne
713 1423 844 1520 longior
861 1449 926 1493 unu

149 1527 271 1596 Esset
289 1529 396 1598 hiems
415 1553 545 1616 rerum,
564 1531 678 1624 primis
697 1531 754 1600 sed
772 1530 931 1600 messibus
948 1543 1042 1599 testas

150 1635 386 1728 Temperiem
402 1632 484 1703 ooelo
502 1637 625 1729 puriter
642 1635 794 1732 belloque
808 1637 953 1706 referret.

212 1830 417 1902 143.Sqoersre
433 1832 514 1886 etiem
532 1832 589 1885 Bas.
606 1851 687 1904 marg.
775 1837 839 1897 148.
860 1822 1003 1904 Massylia.-
1025 1833 1149 1905 Massylia
1167 1833 1242 1904 regio
1348 1854 1353 1868 ¹

162 1913 360 1980 complanes
371 1911 463 1964 Heius.
473 1943 513 1952 —
524 1911 624 1980 Fregit:
635 1913 687 1966 Sti·
730 1913 834 1968 Africa.
1317 1968 1323 1976 .

161 1989 245 2043 licbo
261 1991 362 2062 frangit
374 1987 456 2044 Getas
469 1989 637 2056 cunctando,
659 2004 689 2044 ut
775 1993 838 2045 150.
854 1993 916 2044 Post
928 1991 1014 2044 buum
1027 1992 1143 2062 primum
1158 1991 1242 2044 Puni·

165 2069 284 2136 Fabium
293 2071 379 2124 vincit
388 2087 483 2133 msnn,
494 2082 526 2122 ut
535 2071 687 2138 Marcellum
730 2091 792 2125 cum
801 2071 908 2124 finitum
921 2083 981 2123 nsts
990 2072 1114 2142 juventus
1128 2071 1242 2141 intelligi

170 2149 284 2220 expellit
297 2163 325 2202 et
338 2150 448 2220 relegst,
464 2162 495 2202 ut
508 2150 598 2222 Scipio
616 2169 622 2202 :
638 2153 689 2204 sic·
731 2150 831 2214 debet,
848 2151 940 2203 sinon
957 2151 1080 2203 volumus
1101 2151 1180 2202 nimis
1196 2168 1242 2202 ex·

174 2239 233 2298 que
239 2241 294 2282 tres
301 2227 383 2282 duces
392 2227 455 2282 dnm
466 2229 546 2282 simul
556 2229 688 2302 adaequat,
731 2228 826 2284 cedere
840 2225 951 2282 modum
963 2241 1077 2300 poetam.
1087 2228 1169 2281 Pauci
1179 2246 1242 2282 sane

177 2321 289 2378 superat
305 2307 427 2379 singulos
447 2307 556 2379 Frangit
577 2309 688 2382 Rsphel.
731 2328 787 2362 esse
813 2320 959 2380 potuerunt
984 2308 1101 2374 milites,
1128 2325 1174 2360 xvi
1199 2307 1242 2360 vel

175 2385 251 2460 qnod
268 2389 367 2459 prohat
381 2387 471 2440 Barth.
493 2401 520 2440 et
537 2407 597 2442 mox
613 2393 691 2442 vincit
731 2389 812 2461 paulo
827 2386 940 2459 amplius
960 2405 1091 2440 annorum
1112 2388 1141 2438 in
1167 2405 1241 2439 exer-

174 2466 252 2521 1188.
273 2470 374 2532 Favet,
396 2464 470 2539 qnod
489 2470 630 2540 sequitur,
652 2490 689 2521 re·
731 2470 787 2522 citu
807 2468 1008 2531 homanorum,
1035 2479 1095 2536 post
1121 2480 1242 2538 emptum

173 2550 246 2618 lega.
731 2550 831 2601 bellum
850 2566 911 2600 cum
929 2546 1078 2622 Hannibale
1100 2546 1170 2610 nati,
1191 2548 1240 2617 qni

213 2634 281 2693 144.
294 2628 403 2698 netega
413 2668 420 2691 ,
432 2640 552 2681 removet
564 2640 590 2681 et
601 2646 689 2680 remo·
730 2627 832 2680 ultimis
840 2627 917 2678 annis
925 2624 1030 2678 duobus
1039 2626 1067 2677 in
1080 2628 1136 2679 acie
1145 2639 1241 2677 eontra

170 2720 228 2760 sum
242 2720 337 2773 ιωοις
356 2704 414 2761 vid.
427 2709 507 2769 xxl,
522 2706 587 2761 250.
605 2708 689 2761 Caete-
731 2706 807 2758 illum
823 2718 893 2758 stare
906 2717 1022 2776 possess
1051 2734 1055 2744 ι

168 2806 231 2839 rum
248 2788 389 2841 concinna
407 2778 689 2853 brevitate(verumu
773 2784 836 2839 aba.
862 2786 945 2836 Ηὶαιὲι
966 2799 1056 2846 rerum,
1080 2796 1241 2855 tempestas,

167 2882 249 2939 poeta
266 2867 316 2919 tali
337 2866 401 2939 quis
416 2858 588 2938 exspecteti)
608 2868 688 2919 trium
732 2866 864 2936 procella,
882 2864 972 2917 turbo.
995 2864 1109 2916 Pulchre
1129 2882 1239 2933 compa·

168 2964 342 2999 nnmerum
358 2944 461 2999 dacum
480 2943 572 2999 lendes
593 2946 638 2998 hic
660 2946 688 2999 in
730 2941 1239 3007 misfleinstnsovtd.tleroid.v,3s;

169 3044 258 3079 ιιιιιι
273 3026 385 3079 confert
398 3026 571 3077 Stilichonem
582 3044 668 3077 suum.
708 3042 711 3047 ·
730 3022 806 3077 Edit.
819 3024 895 3076 Nost.
912 3035 976 3075 tom.
992 3024 1023 3085 1,
1037 3040 1096 3093 pag.
1117 3038 1168 3077 101
1184 3040 1191 3071 ε

217 3106 272 3169 145
287 3124 329 3177 sq.
347 3104 447 3175 Pyrrhi
465 3104 564 3157 bellum
583 3103 690 3157 duravit
756 3110 842 3148 Mt·
852 3109 922 3146 ΝΜ
931 3108 1072 3159 sepis-nort·
1083 3107 1152 3144 ¹²³⁰*-
1202 3109 1239 3145 ⁸⁸·

167 3184 526 3255 annisqninqne2Pnnicum
534 3181 687 3246 seeundum,
774 3180 839 3233 153.
857 3180 1000 3249 Temperiem
1013 3178 1073 3229 eoelo
1086 3179 1174 3244 essem
1183 3178 1241 3247 pul·

165 3264 250 3317 annis
261 3280 343 3316 svm.
357 3264 451 3315 Herbe
464 3262 613 3333 significant
624 3282 687 3315 ver:
730 3262 794 3313 clm
808 3256 926 3322 dictum3
941 3257 987 3310 sed
1002 3257 1081 3318 letto,
1096 3274 1152 3308 non
1165 3256 1239 3309 item

163 3357 236 3417 quot
248 3344 331 3397 herbe
340 3346 478 3413 gremim's,
491 3354 532 3394 tot
546 3356 606 3395 sunt
616 3343 688 3395 anni.
731 3340 835 3411 Nempe
847 3338 942 3409 optimi
958 3337 1038 3389 etiam
1053 3336 1081 3389 in
1097 3334 1240 3408 jungendis

167 3426 206 3477 11ι
215 3437 276 3495 poss
288 3424 390 3496 aliquot
397 3426 499 3485 omas,
515 3435 574 3493 post
588 3422 690 3493 aliquot
730 3440 751 3473 ι.
766 3414 943 3489 conjugandis
954 3417 1094 3470 nniverbo
1103 3417 1240 3469 communi

168 3521 262 3558 annos.
281 3504 330 3555 Sic
351 3522 451 3565 mus,
467 3502 568 3565 Ιιὶειιιει,
585 3513 635 3554 etc.
649 3530 690 3545 -ι
730 3498 841 3552 dirersis
852 3497 1020 3556 nominibus,
1035 3515 1056 3548 s.
1072 3496 1239 3557 notionibus,

171 3582 242 3635 Mise.
250 3584 343 3655 prolia
358 3580 434 3634 Mss,
444 3592 470 3633 et
480 3582 538 3633 Bas.
548 3598 629 3652 marg.
729 3598 785 3631 non
800 3593 904 3647 semper
919 3573 981 3629 satis
996 3588 1118 3628 securare
1132 3592 1239 3625 versan-

217 3669 279 3731 147.
300 3664 353 3714 Ter
371 3680 443 3713 sams
462 3660 564 3713 herbas:
583 3657 611 3711 id
632 3672 688 3725 est,
731 3672 792 3721 tur,
809 3675 867 3727 que
883 3674 925 3707 res
942 3654 1033 3725 figura
1049 3671 1148 3705 nomen
1165 3666 1239 3704 aece-

174 3742 385 3810 peocmdeoin
405 3758 519 3805 messes,
536 3758 583 3793 seu
596 3756 686 3793 annos.
729 3738 785 3808 pit,
800 3738 914 3807 Zeugma
927 3746 1030 3787 vocant.
1051 3731 1138 3783 Possis
1150 3744 1238 3783 temen
1325 3778 1332 3789 ‚

171 3850 215 3862 -
226 3822 291 3872 Lorii
303 3842 351 3892 pse
365 3824 487 3891 punietis
509 3819 593 3871 herbas
617 3820 686 3889 conj.
730 3814 834 3879 dicere,
847 3814 934 3866 invito
945 3831 1039 3865 verum
1054 3810 1100 3862 hic
1111 3807 1239 3865 excidisse

168 3900 266 3953 Burth.
284 3902 348 3953 Latii
359 3902 533 3971 pergramina
548 3916 648 3951 messes:
661 3910 688 3949 et
730 3906 832 3966 poete:
855 3910 910 3943 non
935 3891 1006 3943 enim
1028 3890 1109 3940 finem
1130 3889 1265 3948 silletum,

164 4002 188 4035 v.
197 3982 268 4033 ¹16⁰
279 3980 391 4033 sctum
404 3978 493 4033 editio
508 3978 616 4031 Amstel.
632 3980 688 4032 Gre-
732 3973 805 4027 bello
821 3972 915 4023 Getico
926 3970 971 4020 illa
984 3968 1129 4020 recessione
1141 3968 1238 4022 Alarici

158 4064 269 4117 siorum
284 4058 391 4116 laudata
404 4056 534 4113 Heinsio.
614 4072 618 4083 ·
734 4052 769 4107 de
786 4050 871 4103 limite
887 4047 995 4112 italico,
1008 4044 1054 4100 sed
1069 4048 1238 4119 qualemcun-

1039 4143 1084 4239 4,
