3034 4900
458 492 529 559 DE
558 491 733 562 BELLO
762 495 974 563 GETICO.
1201 493 1249 589 73

156 627 210 693 Et
232 622 397 691 Trebiam
415 647 505 691 saevo
522 623 744 718 geminassent
763 625 880 694 funere
895 628 1034 710 Cannae,

156 727 412 823 Nequidquam
433 729 627 798 Emathium
648 729 776 826 pepulit
797 757 871 828 spes
888 756 975 801 vana
995 731 1199 829 Philippum,

158 837 220 904 Ut
241 829 343 904 velut
358 833 502 906 afflictos
521 836 610 904 ferro
631 851 776 907 tentaret
796 840 903 908 inerti.
1111 830 1114 836 Α

160 943 352 1010 Romanos
372 945 557 1010 commovit
574 957 669 1012 atrox
692 943 811 1037 injuria
832 947 963 1030 Patres,
1213 979 1252 1029 ³90

161 1049 352 1141 Urgerent
371 1049 501 1141 majora
519 1047 617 1118 licet:
641 1051 850 1145 graviterque
868 1050 975 1120 tulere

161 1153 330 1222 Urbibus
350 1155 439 1222 inter
457 1179 492 1223 se
509 1152 606 1224 claris
619 1155 661 1224 de
681 1155 828 1225 culmine
845 1182 958 1226 rerum

165 1261 400 1354 Congressis,
416 1258 539 1354 aliquid
560 1275 675 1356 gentes
695 1262 819 1331 audere
835 1265 988 1334 minores.

165 1367 247 1435 Nec
267 1390 405 1461 poenam
424 1365 559 1436 differre
580 1365 704 1464 placet;
723 1368 782 1437 sed
801 1368 886 1438 bella
905 1373 1034 1465 gerenti

165 1473 306 1542 Punica
325 1473 465 1543 Laevim
483 1475 571 1568 regis
590 1498 723 1570 quoque
738 1475 850 1570 praelia
867 1477 1038 1548 mandant.
1215 1505 1253 1556 οφ

167 1579 294 1648 Paruit
313 1581 464 1674 imperiis
483 1578 617 1668 consul;
636 1580 795 1677 fususque
814 1580 1000 1678 Philippus,

165 1683 267 1752 Vilia
290 1684 375 1753 dum
395 1685 554 1780 gravibus
571 1686 703 1783 populis
727 1689 892 1758 interserit
913 1712 1025 1778 anna,

167 1793 410 1860 Praetereunte
429 1815 550 1881 manu,
572 1793 685 1864 didicit
705 1819 775 1864 non
791 1819 863 1864 esse
882 1808 1056 1890 potentum

151 1897 393 1984 ¹Tentandas,
409 1897 525 1967 mediis
545 1901 696 1993 quamvis
717 1902 752 1969 in
775 1900 933 1987 luctibus,
950 1904 1055 1971 iras.»

229 2007 311 2071 Hoc
329 2005 462 2072 monitu
478 2005 604 2100 pariter
622 2008 791 2082 nascentia
808 2007 894 2076 bella
912 2010 1082 2102 repressit,
1217 2047 1258 2079 oo

174 2112 225 2182 Et
242 2107 335 2179 bello
356 2112 507 2204 quesivit
528 2135 626 2205 opes,
644 2112 787 2208 legitque
804 2127 978 2208 precantes

181 2215 340 2303 Auxilio,
353 2241 484 2286 mensus
505 2243 699 2308 numerum,
716 2219 774 2313 qui
790 2244 959 2313 congruus
978 2232 1080 2306 esset,

226 2452 294 2523 387.
308 2452 432 2506 Trunci
442 2453 536 2505 cam
544 2495 552 2518 ‚
561 2452 617 2507 dno
626 2454 700 2526 quasi
744 2454 915 2526 huncregem
923 2455 1137 2509 contemnebant.
1148 2455 1257 2509 Fuitta·

183 2532 324 2605 sepnlebrs
341 2534 438 2605 populi
450 2532 698 2599 romani—Soato,
744 2551 809 2587 rnen
820 2546 942 2588 strennus
955 2548 982 2588 et
994 2554 1078 2589 manu
1090 2535 1258 2607 lortisimpe÷

183 2614 240 2667 Brs.
254 2630 342 2684 marg.
358 2612 435 2665 MSS.
450 2612 525 2685 qnod
537 2614 631 2685 placet.
745 2626 827 2681 rator,
837 2633 920 2686 quum
931 2615 961 2667 in
974 2616 1106 2677 omnibns,
1118 2628 1178 2668 tum
1188 2634 1257 2687 pre·

224 2692 290 2749 388.
305 2693 456 2755 Euathlus,
468 2692 675 2758 Macedoniam,
686 2712 703 2747 a
746 2694 837 2747 sertim
849 2695 878 2748 in
892 2692 1031 2748 obsidione
1044 2694 1217 2749 Athenarum.

185 2774 304 2846 populo,
320 2792 371 2826 seu
383 2783 462 2844 parte
476 2773 571 2844 gentis.
789 2780 854 2837 loo.
875 2774 976 2827 Mirum
992 2775 1090 2842 fuerit,
1108 2776 1130 2829 si
1147 2774 1198 2829 bac
1215 2775 1258 2828 vel

226 2852 294 2922 389.
315 2854 451 2924 Afficior,
468 2864 500 2904 ut
516 2852 703 2924 aggrederetur
746 2853 827 2906 simili
839 2855 1076 2907 orationetantnm
1086 2854 1260 2927 proleoitSti·

188 2951 254 2987 nos:
268 2933 345 3005 qnasi
359 2932 454 2985 afflicti
466 2950 590 2999 munus,
602 2946 629 2987 et
639 2932 701 2988 laci-
745 2934 835 3001 licbo,
856 2935 951 3005 utqui
971 2933 1148 2987 defectionem
1168 2934 1257 3006 psnllo

191 3013 242 3067 lios
254 3013 326 3065 vinci
341 3030 490 3085 possemus.
746 3024 807 3066 ante
830 3013 872 3065 rel
893 3014 1067 3066 rebellionem
1087 3014 1259 3067 minabantur

234 3092 432 3161 396.Valerius
441 3094 553 3144 moinus
558 3110 642 3164 qnum
649 3092 704 3145 bel·
747 3091 886 3147 Vindelici
895 3106 975 3164 atque
985 3093 1092 3159 Norici,
1102 3094 1122 3145 ii
1133 3112 1188 3146 non
1201 3106 1259 3145 ten-

195 3172 249 3225 lum
264 3184 353 3227 oontn
367 3162 525 3243 Philippum
539 3172 632 3243 gessit,
647 3192 703 3226 non
746 3186 806 3225 tum
834 3174 1018 3243 quiescerent,
1041 3171 1088 3225 sed
1113 3173 1142 3223 in
1168 3172 1260 3226 castris

196 3254 275 3305 ment
284 3252 344 3314 fnit,
359 3250 409 3306 sed
423 3270 476 3323 pro
486 3264 613 3323 pretore,
624 3270 703 3323 quern
747 3252 827 3305 etiam
841 3252 960 3305 romanis
976 3252 1130 3305 militarent.
1143 3250 1260 3304 Videtur

196 3334 268 3386 marn
277 3345 409 3403 pretorem
429 3344 504 3384 recte
519 3328 586 3383 dixit
601 3332 699 3385 Livius
746 3344 854 3404 poetam
876 3350 940 3385 enm
964 3331 1075 3385 veritate
1097 3331 1155 3403 ipse
1180 3334 1260 3390 etiarn

198 3412 252 3467 Vid
267 3413 315 3466 riri
338 3411 418 3465 docti
437 3408 473 3463 ad
490 3410 601 3464 Florum
616 3412 660 3480 11,
677 3430 703 3483 7,
746 3412 857 3483 spiritus
871 3410 1007 3466 deiecisse.

199 3494 420 3547 abiuthistoriae
432 3509 544 3544 summa.
790 3493 1006 3556 ionPrecantes,
1018 3490 1191 3564 deprecantes
1198 3511 1260 3563 snp-

235 3572 289 3644 397.
304 3574 380 3626 Vilia
391 3569 514 3642 Philippi
525 3590 607 3635 uma,
621 3589 705 3623 cause
747 3571 874 3644 plinium,
882 3584 1053 3643 petentesque
1063 3571 1169 3626 admitti
1177 3572 1206 3623 in
1215 3571 1262 3624 sti·

204 3650 621 3723 suriemocat,quaeoontemni
630 3650 704 3704 nullo
747 3650 861 3723 pendia,
876 3652 960 3705 venia
978 3650 1132 3707 obtinendo
1155 3663 1182 3703 et
1200 3668 1262 3722 pro-

203 3731 269 3786 nodo
275 3734 463 3788 merebantur.
473 3730 609 3802 Equidem
618 3730 640 3783 si
652 3730 705 3783 mei
747 3730 843 3785 bande
858 3729 994 3785 fidelitatis
1007 3749 1094 3784 cansa

202 3832 239 3868 res
249 3814 341 3867 arbitrii
354 3814 470 3875 fuisset,
483 3810 618 3875 iecissem,
631 3809 705 3882 qnod
785 3817 851 3875 4⁰²·
860 3811 959 3864 Menam
967 3807 1272 3873 numerumsrarinseulr.-

201 3892 272 3949 modo
286 3894 409 3948 dicebam
424 3888 462 3945 ad
480 3888 545 3955 384.
752 3903 782 3943 nt
797 3889 918 3954 videtur,
932 3890 1035 3955 forma,
1049 3886 1096 3941 sed
1109 3885 1175 3939 recti
1189 3902 1262 3941 certe

233 3976 295 4047 398.
306 3974 494 4029 pretereunte:
506 3969 647 4043 Philippus
658 3967 704 4024 de·
751 3988 843 4024 senem
856 3988 863 4023 ε
880 3985 1005 4021 mensura
1020 3967 1078 4020 sine
1091 3986 1206 4021 numero
1219 3968 1262 4021 in-

192 4060 252 4116 letns
271 4054 359 4129 copiis
374 4052 502 4121 romanis
520 4050 705 4121 pretereunti-
750 4048 835 4119 telligi
845 4045 891 4099 vix
901 4058 1003 4117 potest,
1013 4061 1084 4101 certe
1093 4046 1266 4111 commodius

189 4145 243 4221 pas,
254 4152 279 4195 et
287 4136 372 4211 quasi
378 4130 462 4191 alind
472 4130 612 4215 agentibus
622 4148 628 4183 :
640 4128 706 4183 adeo
750 4147 830 4203 quam
841 4126 959 4182 numeris
973 4127 1091 4201 expediri
1102 4126 1204 4199 nequit,
1251 4136 1261 4153 '
