3034 4900
235 473 308 559 aas
460 476 533 542 eL.
563 476 870 546 neruoram
898 477 1059 542 xxxv.

233 603 426 676 Extendunt
442 607 548 675 socios
564 606 607 676 ad
624 606 744 700 pocula
762 606 859 702 plena
877 620 1034 691 cerastas,

233 713 282 781 Ac
299 709 397 781 festas
415 708 480 780 alio
496 712 701 782 succendunt
717 712 841 783 lumine
859 711 967 781 taedas.

285 818 380 885 Tunc
401 831 436 885 et
455 817 600 913 pestiferi
615 835 770 913 pacatum
788 821 912 889 flumen
929 819 1053 888 Averni

233 925 391 992 Innoeuae
407 926 583 1009 transistis,
600 951 695 1013 aves,
709 926 890 1020 flatumque
905 926 1060 1018 repressit

232 1030 429 1100 Amsanctus
449 1057 456 1098 :
474 1033 578 1101 tacuit
594 1031 660 1101 fixo
676 1046 823 1102 torrente
841 1055 976 1126 vorago.

233 1137 327 1204 Tunc
345 1137 572 1212 Acheronteos
591 1154 718 1208 mutato
737 1140 867 1234 gurgite
884 1137 992 1207 fontes

232 1243 336 1311 Lacte
352 1267 441 1312 novo
457 1246 616 1314 tumuisse
631 1244 760 1334 ferunt3
779 1245 950 1338 ederisque
966 1244 1128 1310 virentem

234 1351 385 1443 Cocyton
403 1348 492 1419 dulci
507 1351 681 1445 perhibent
697 1352 837 1421 undasse
857 1353 964 1443 Lyaeo.

232 1455 380 1524 Stamina
394 1480 456 1524 nce
472 1459 563 1552 rupit
581 1457 751 1545 Lachesis3
771 1483 834 1527 nec
850 1455 982 1526 turbida
999 1455 1099 1524 sacris

233 1560 465 1655 Obstrepitant
480 1561 623 1632 lamenta
641 1564 774 1633 choris:
794 1588 884 1632 mors
899 1560 990 1630 nulla
1007 1575 1148 1654 vagatur
1256 1589 1294 1630 ass

233 1669 274 1735 In
296 1669 411 1755 terris,
426 1666 589 1764 nullaeque
605 1693 722 1764 rogum
741 1667 898 1763 planxere
914 1681 1077 1762 parentes.

234 1773 356 1842 Navita
372 1799 440 1843 non
456 1777 597 1844 moritur
615 1776 735 1862 fluctu,
751 1800 819 1844 non
836 1774 972 1870 cuspide
986 1771 1095 1842 miles:

233 1879 368 1973 Oppida
385 1879 513 1950 funerei
529 1879 654 1975 pollent
670 1883 828 1952 immunia
845 1878 920 1968 leti;

233 1985 469 2081 Impexamque
487 2013 587 2056 senex
606 1988 727 2058 velavit
745 1986 905 2058 arundine
922 1985 1066 2056 frontem

276 2162 344 2224 346.
361 2160 492 2224 Cornum
507 2165 595 2234 κέρας,
612 2184 687 2230 erog,
704 2177 745 2218 est
787 2161 868 2222 modo
894 2183 1024 2234 repressum
1045 2159 1111 2214 dicit
1134 2165 1238 2216 Noster.
1258 2194 1299 2204 -

236 2261 328 2306 ronan,
344 2253 372 2292 et
392 2241 456 2296 inde
475 2241 604 2297 dicuntur
624 2256 746 2310 ceraste,
787 2245 923 2311 Anfractus
933 2241 1075 2296 vtevmn.
1087 2255 1215 2294 etomnes
1223 2260 1298 2314 pune

236 2335 371 2392 serpentes
384 2341 445 2392 queo
458 2323 599 2394 proferunt
609 2325 747 2378 cornicula
787 2323 863 2377 MSS.
875 2342 941 2395 quor
950 2321 1019 2375 vidit
1029 2321 1121 2375 Parth.
1136 2335 1164 2374 et
1173 2324 1231 2375 Bas.
1245 2323 1300 2374 An·

237 2400 463 2473 quadrigemina,
487 2403 584 2474 quibus
613 2403 746 2469 exsertis,
787 2415 875 2456 xantus
888 2400 948 2456 Ald.
964 2400 1079 2454 etJnnt.

236 2482 314 2552 ipse,
327 2482 437 2535 latentes
449 2482 479 2534 in
491 2501 586 2548 mena,
600 2501 661 2538 aves
674 2485 747 2536 velut
828 2482 894 2536 353.
909 2482 1041 2550 Stagnmse
1055 2479 1129 2549 vulg.
1149 2512 1189 2521 -
1207 2480 1296 2551 Ayoeo,

237 2559 271 2613 ad
285 2580 370 2614 escam
385 2560 538 2616 advolantes
551 2560 697 2634 decipiunt.
786 2562 867 2626 rino;
880 2579 941 2613 nam
951 2560 1069 2612 Bacchus
1080 2557 1182 2610 dicitur
1191 2559 1295 2629 Lyceus,

278 2643 344 2711 347.
354 2640 441 2695 Festus
450 2642 526 2694 toedas
536 2660 591 2696 non
601 2641 658 2694 illas
669 2642 746 2695 terri·
787 2641 837 2693 ἀπὸ
849 2645 893 2691 τοῦ
906 2641 987 2700 λύειν,
1001 2639 1104 2697 soloen,
1119 2635 1194 2706 quod
1209 2635 1294 2688 solvat

236 2720 302 2773 biles
311 2719 747 2793 dePhlegethonteacoensas,qui·
786 2720 906 2773 animum
919 2718 1000 2769 curis.

236 2801 286 2852 bus
300 2812 400 2851 terrent
410 2800 514 2870 impios.
827 2797 892 2862 3⁵4.
915 2796 1032 2849 Matuta
1051 2794 1215 2857 nominavit,
1237 2811 1298 2864 qun

279 2878 345 2941 348.
376 2878 459 2929 Limen
485 2880 555 2948 vulg.
571 2876 664 2949 flumen
684 2878 745 2933 Ald.
786 2877 869 2947 magis
897 2874 1007 2948 proprie
1039 2874 1155 2944 Atropos
1185 2871 1315 2927 dicenda·

237 2958 294 3011 Bes.
308 2956 392 3028 Marg.
405 2956 480 3010 MSS.
785 2969 850 3013 erat.
862 2954 1064 3011 Sedoommnne
1076 2954 1220 3006 Parcarum
1231 2952 1298 3005 illud

278 3036 343 3107 349.
358 3035 461 3091 Alludit
472 3035 505 3090 ad
516 3050 624 3107 etymon
637 3039 743 3101 Aterni,
785 3055 855 3108 opus
868 3048 928 3104 eat,
944 3034 1014 3087 inter
1031 3052 1059 3088 se
1074 3034 1298 3091 consentientium

237 3119 338 3187 ἄορνος,
785 3128 865 3175 certe.

235 3210 302 3263 Quem
316 3226 375 3265 cuper
388 3212 441 3251 haud
454 3212 499 3251 nlla
513 3220 602 3264 poterent
615 3214 694 3265 impune
711 3226 744 3251 vo·
826 3194 1115 3263 3⁵6.1togum;nullae
1134 3206 1231 3246 matres
1250 3190 1297 3244 fle·

314 3280 376 3319 tura
785 3286 882 3329 rerunt
889 3275 1035 3327 liberorum
1047 3285 1176 3337 mortem,
1187 3290 1246 3344 quoe
1252 3269 1296 3323 de·

235 3348 325 3387 Tendere
335 3350 374 3388 iter
384 3351 466 3401 pennis.
478 3360 515 3389 ete.
784 3356 904 3425 gignatur
918 3372 967 3425 per
982 3370 1096 3423 rogum:
1111 3350 1139 3404 jd
1156 3365 1209 3416 esp,
1223 3350 1295 3403 nulla
1356 3356 1359 3363 '

236 3429 312 3499 Virg.
325 3432 385 3481 AEn.
404 3432 458 3495 VI,
473 3432 537 3499 ²39·
551 3431 657 3483 Monuit
665 3432 746 3485 Hein-
784 3453 856 3488 mors
869 3430 981 3497 oceidit,
994 3451 1028 3484 ne
1043 3432 1136 3484 turbet
1147 3432 1212 3484 festa
1229 3430 1296 3481 inle-

237 3508 292 3561 sins
307 3526 339 3563 ex
355 3509 463 3563 Aristot.
483 3509 645 3564 domitabit.
662 3510 744 3565 audit.
785 3532 879 3566 rorum
890 3510 994 3584 gaudie.

235 3586 348 3660 reperiri
363 3602 450 3643 tamen
460 3589 498 3643 ibi
511 3608 616 3663 cycnos.
629 3588 681 3643 Sed
690 3610 745 3643 om·
826 3591 891 3663 359.
908 3594 1109 3662 impetusque...
1122 3632 1128 3643 .
1144 3594 1219 3642 crines
1234 3589 1295 3642 Vic.

237 3669 281 3722 nia
298 3667 333 3723 de
352 3668 448 3724 fabulis
469 3682 496 3722 et
511 3670 622 3724 historia
639 3670 745 3741 collegit
785 3673 865 3726 Vien.
883 3673 961 3724 Junt.
975 3671 1034 3723 Bas.
1054 3670 1111 3722 rell.
1131 3682 1191 3721 ante
1204 3668 1297 3721 Heinr.

237 3750 344 3801 Cluver.
358 3748 416 3804 Ital.
428 3762 482 3803 ant.
495 3770 522 3822 p.
540 3753 615 3805 1126
628 3768 684 3822 sqq.
785 3757 946 3823 &ponamque
956 3791 961 3802 .
972 3789 978 3802 .
989 3789 995 3801 .
1006 3788 1013 3800 .
1019 3751 1128 3816 frontem
1142 3747 1204 3801 Ald.
1217 3747 1298 3802 MSS.

278 3826 340 3881 350.
351 3830 495 3882 Amsanctus
501 3850 521 3884 s.
534 3830 662 3883 Amsancti
667 3830 744 3881 valler
785 3832 927 3901 implexam.
937 3871 942 3881 .
954 3830 1086 3895 ..frontem
1097 3831 1156 3882 Bau.
1164 3847 1247 3898 marg.
1257 3859 1299 3869 -

236 3918 306 3959 note
321 3926 353 3959 ex
367 3912 427 3962 AEn.
440 3908 573 3974 vt1‚665
586 3928 645 3981 sqq.
661 3936 671 3957 ι
683 3910 744 3963 sevi
784 3912 875 3982 Ipsum
887 3912 996 3961 coronari
1011 3921 1051 3961 est
1063 3909 1161 3961 lutitiae
1176 3910 1296 3978 signum

236 3984 365 4055 spiracula
385 3988 471 4055 Ditis,
489 3989 531 4041 uli
548 4001 631 4061 rupto
651 3989 744 4060 ingens
784 3990 949 4043 arundineam
957 3987 1077 4041 fluminis
1086 4001 1199 4041 utuntur
1208 3986 1295 4047 fluvii,

234 4064 384 4125 Acheronte
392 4084 490 4139 vorago
501 4070 639 4124 Pestiferos
656 4068 740 4140 aperit
784 4082 915 4142 quatenus
940 4086 1060 4141 persono
1088 4080 1163 4121 sunt.
1188 4068 1296 4120 cumn

234 4142 320 4199 fauces
338 4170 361 4197 ·.
382 4144 454 4203 llinc
477 4147 522 4201 ille
537 4151 636 4218 flatus,
661 4168 740 4219 quent
780 4154 885 4220 portitor
895 4149 958 4203 alias
971 4164 1076 4217 semper
1087 4148 1176 4199 tristis.
