3034 4900
337 443 407 512 DE
435 440 609 508 RAPTU
637 427 1013 510 Pnosnnn'nln.
1041 443 1115 512 III.
1199 441 1272 516 255

204 574 346 661 Naides,
363 589 398 642 et
419 574 510 678 taciti
528 574 692 641 mirantur
710 572 817 644 sidera
835 575 946 646 Fauni.

257 685 344 750 Tum
363 681 474 775 gravis
494 703 535 748 ex
551 678 619 748 alto
639 681 770 775 genitor
792 681 838 750 sic
859 705 956 750 orsus
973 679 1142 778 Olympo:

105 795 115 816 ⁸
210 787 415 857 «Adduxere
435 809 527 856 meas
548 788 669 856 iterum
688 786 842 859 mortalia
862 811 977 875 curas,

204 892 427 988 iampridem
448 890 598 986 neglecte
620 892 723 982 mihi,
739 895 894 964 Saturnia
915 909 1090 989 postquam

206 1001 305 1086 Otia,
327 1014 362 1070 ct
377 1000 489 1094 ignavi
509 1001 637 1069 senium
653 1001 871 1094 cognovimus
887 1000 966 1086 aevi3
1018 1041 1027 1054 -

206 1107 405 1200 Sopitosque
422 1104 480 1174 diu
498 1104 641 1200 populos
657 1120 794 1201 torpore
813 1121 953 1202 paterno

207 1210 362 1282 Sollicitae
383 1210 508 1306 placuit
528 1210 668 1281 stimulis
687 1211 855 1311 impellere
876 1215 970 1300 vitre,

206 1316 346 1388 Incultis
364 1341 408 1386 ne
424 1332 542 1413 sponte
559 1342 651 1414 seges
671 1318 905 1414 grandesceret
923 1319 1027 1404 urvis,
1127 1390 1130 1396 .

206 1424 362 1494 Undnret
380 1447 447 1494 neu
462 1423 545 1494 silva
562 1423 661 1512 lavis,
681 1450 747 1496 neo
769 1427 848 1495 vina
866 1439 1033 1497 tumerent
1251 1459 1278 1499 ‚s

208 1531 385 1618 Fontibus,
406 1545 441 1600 et
459 1545 538 1600 totae
556 1529 737 1601 fremerent
753 1532 788 1602 in
806 1531 926 1628 pocula
945 1535 1034 1628 ripae.

208 1635 309 1706 Hand
329 1635 482 1732 equidem
501 1637 652 1724 invidco;
669 1663 732 1708 nec
749 1640 837 1709 enim
857 1638 1014 1711 livescere
1029 1639 1078 1710 fus
1096 1654 1163 1727 est,

208 1845 398 1920 riis,quornm
411 1859 475 1901 sunt
484 1845 555 1900 filice
568 1846 723 1901 callimach.
768 1845 865 1915 modo,
876 1867 911 1903 ne
922 1849 951 1903 in
962 1862 1099 1922 porterum
1110 1864 1193 1922 sponte
1203 1865 1280 1906 natu·

210 1929 314 1998 Νύμφαι
334 1922 492 1988 Θισσαλίδις
503 1931 619 1997 ποταμοῦ
638 1929 724 1998 γένος,
768 1945 819 1992 ru,
833 1929 892 1983 eine
913 1930 1005 1984 libore
1026 1931 1167 1985 hominnm
1189 1933 1279 1986 omniu

211 2007 331 2079 Illysrplroe
343 2007 725 2077 rimandamqemm
767 2011 951 2080 provenirent.

212 2086 360 2142 Parrhasio.
812 2107 856 2147 π.
879 2091 986 2161 Torpore
996 2101 1099 2160 paterno
1111 2111 1123 2153 ,·
1142 2091 1218 2146 locus
1236 2092 1281 2146 hie

258 2183 302 2238 17.
315 2169 395 2220 Taciti
404 2163 577 2220 commodum
585 2165 725 2219 Faunorum
769 2165 926 2242 desumptus
940 2187 972 2222 er
991 2169 1124 2242 Virgilio,
1140 2169 1281 2244 Georgql

214 2245 370 2338 epitheton,
383 2263 449 2318 qnos
465 2245 592 2338 loquaces
608 2245 726 2300 aliasla·
772 2253 850 2311 rel:

214 2325 315 2388 ciunt,
332 2339 469 2381 etmel!
484 2327 576 2397 ipsum
591 2337 727 2380 munt
769 2334 811 2376 Nee
789 2335 1055 2388 retorperegrerlpasruss
1056 2349 1172 2389 sarregua
1159 2345 1242 2376 rrnrsete

215 2425 232 2460 a
243 2406 334 2474 fundo.
348 2404 412 2461 vid.
428 2405 503 2461 Sere.
524 2404 560 2463 ud
578 2409 640 2461 AEn
656 2407 726 2473 Vll,
812 2413 858 2471 sl.
878 2395 1134 2463 GraneeoeretiMSS.
1152 2422 1284 2463 rennueret

215 2494 265 2579 47.
285 2488 365 2541 Teer'u'
377 2499 467 2541 autem
479 2488 666 2558 bieruntpru
679 2486 727 2541 ad·
770 2485 846 2541 MSS.

214 2567 355 2622 miratione
369 2566 523 2640 splendoris
533 2567 662 2633 edatis,
674 2566 725 2621 sihi
813 2566 860 2623 25.
877 2566 974 2621 Unum
987 2566 1021 2622 ad
1031 2565 1165 2641 liquidum
1179 2582 1205 2621 et
1219 2588 1282 2641 pro-

212 2646 322 2702 insueti
771 2646 1067 2719 fluensrnelpertinet·
1082 2650 1283 2714 temulenter,

258 2745 306 2798 19.
330 2726 471 2791 Pnlclne,
498 2740 571 2781 certe
592 2726 727 2799 speciosa,
770 2726 991 2799 quumebullinnt
997 2729 1192 2800 :sremrustripoe‚
1196 2748 1282 2800 quum

213 2806 290 2861 Joris
303 2808 389 2861 oratio
407 2768 729 2880 effirigitmoremregum
771 2826 848 2879 aquis
875 2824 936 2861 curn
964 2808 1077 2880 strepitu
1099 2808 1230 2863 labuntur
1256 2822 1283 2863 et

213 2884 729 2959 humanorum,qnisuisuctibne,valde
771 2898 866 2941 ruunt,

214 2966 352 3021 interdum
380 2968 520 3021 hominem
544 2966 728 3039 sapientibus,
815 2986 860 3038 ²7·
877 2967 998 3020 Lieeerere
1015 2980 1056 3021 est
1074 2967 1205 3023 inridere.
1223 2970 1283 3021 Jarn

214 3048 365 3114 olentibus,
376 3047 567 3113 referentibus,
575 3044 731 3120 splendidos
772 3047 869 3119 φθόνον,
877 3046 1016 3114 invidiam,
1024 3048 1143 3101 tribuere
1152 3047 1210 3103 Diis
1220 3049 1284 3102 aliur

215 3128 344 3182 obtentus
360 3139 502 3200 querunt,
520 3140 549 3181 et
567 3127 631 3180 alias
649 3126 730 3197 lunge
772 3146 829 3179 non
836 3138 963 3180 verentur
971 3140 1080 3182 veteres.
1092 3128 1168 3193 Quin
1179 3125 1213 3181 de
1222 3148 1282 3181 sen·

160 3256 165 3265 .
214 3207 317 3262 babent
331 3205 501 3279 diversaque
511 3208 627 3260 multum
642 3226 658 3260 u
672 3226 730 3259 sua·
773 3206 855 3261 tentis
879 3206 984 3261 Solonis
1003 3204 1076 3279 upnd
1097 3206 1284 3269 Herodotum,
1381 3204 1384 3211 ’

216 3286 526 3360 wuuoumrjuetr'fiw.
541 3284 644 3354 Quidni
658 3285 731 3339 enirn
773 3286 803 3354 1,
819 3285 921 3353 32AE
935 3290 996 3341 θεῖον
1017 3290 1068 3340 πᾶν
1086 3290 1202 3359 φθονιρόν.
1224 3288 1284 3353 Qua

217 3380 327 3422 utemur
347 3367 503 3422 nominihus
527 3366 684 3433 Grotianis,
705 3378 732 3419 et
774 3363 808 3419 de
828 3383 858 3419 re
876 3378 915 3421 eet
933 3364 1159 3440 disputatiuncula
1180 3386 1238 3421 meu
1256 3368 1284 3421 in

218 3446 732 3519 linicreihodiepropriis.-Addueere
774 3446 964 3517 opusculorum
980 3447 1033 3501 rol.
1047 3448 1081 3511 Ι,
1095 3466 1122 3519 p.
1138 3446 1203 3501 336.
1222 3455 1285 3501 Bre-

219 3527 305 3584 idest
321 3527 495 3583 ademerunt
511 3546 555 3581 res
571 3526 732 3594 hominurn,
773 3526 858 3593 riter,
872 3526 894 3579 si
910 3526 979 3599 equi
993 3528 1199 3593 essevolumus,
1213 3525 1285 3581 dice·

218 3606 458 3681 qnasaliqnanrdin
467 3607 732 3678 neglexeram‚cures
774 3624 853 3671 mus,
871 3604 920 3677 qui
939 3606 991 3659 viri
1013 3606 1131 3679 alioquin
1154 3608 1286 3677 supienter

218 3707 291 3742 ereas
314 3688 429 3751 denuo,
451 3700 593 3759 postquam
614 3687 732 3758 penitinr
775 3684 904 3739 invidiam
917 3688 975 3740 Deo
989 3687 1128 3753 tribuunt,
1142 3686 1162 3738 ii
1178 3704 1234 3738 non
1248 3688 1286 3738 al·

219 3769 323 3841 inspexi
340 3769 395 3823 otia
411 3767 456 3821 ills
475 3785 561 3821 unreae
578 3767 661 3820 utatis
681 3768 732 3820 suli
776 3766 875 3819 lectum
890 3778 917 3818 et
931 3766 1074 3819 consilium
1090 3766 1187 3819 rolnnt
1205 3765 1285 3819 intel-

218 3861 296 3920 patre
313 3867 375 3903 meo
388 3848 505 3902 Seturno
526 3846 687 3918 degenerare
702 3847 732 3899 in
775 3844 843 3917 ligi,
855 3842 902 3899 sed
915 3846 1037 3909 effectur,
1052 3843 1228 3916 quosinridia
1239 3845 1286 3898 hs-

219 3932 310 3981 senr'urr
326 3942 353 3984 et
367 3929 497 4001 ignarum
517 3927 688 3997 languorem
706 3938 733 3979 et
776 3926 823 3978 bet
840 3925 910 3978 inter
927 3924 1058 3978 homines.
1078 3923 1184 3996 Jupiter
1197 3925 1286 3980 Poeta

218 4006 285 4061 ideo
299 4006 401 4064 deoeeri
414 4007 531 4081 populos
545 4005 659 4060 stimulis
673 4006 734 4059 situ
776 4004 822 4058 hic
835 4004 983 4076 ιὺθυῤῥήμων
999 4015 1058 4071 est,
1073 4004 1228 4061 malevolam
1243 4007 1287 4059 in-

219 4088 339 4143 sollicitu
351 4090 385 4147 ad
396 4090 519 4145 leborern
532 4085 670 4158 impellere
681 4085 734 4139 lroc
776 4083 924 4139 ridentium
941 4102 955 4137 a
969 4102 998 4138 se
1013 4096 1138 4139 removet.
