3034 4900
377 459 447 525 nn
473 460 539 557 vt.
567 460 711 529 cous.
740 458 986 529 ιιοιοιιιι.

140 590 323 684 Assyrios:
343 588 468 657 habeat
483 588 639 657 Pharium
654 614 732 659 cum
748 588 881 683 Tigride
896 586 1006 657 Nilum
1024 614 1032 655 ε

140 696 332 790 Contingat
346 718 422 777 mea
439 696 549 763 Roma
564 690 660 763 mihi!
675 724 692 759 ι
715 696 787 765 Nec
804 708 882 763 vota
900 692 1016 765 fefellit

139 805 307 870 Eventus
324 803 493 887 Fortuna,
509 824 634 869 novum
651 799 765 871 molita
782 788 976 894 tyrannum,

140 910 220 975 lam
236 907 301 975 tibi
315 906 486 1001 querebat
501 908 652 975 Latium·
642 906 821 1001 ,belloque
838 906 984 975 secundo

142 1015 306 1082 Protinus
314 1016 387 1081 an
403 1010 500 1081 velox
514 1014 640 1083 accitus
655 1012 698 1081 ab
715 1012 790 1082 aula

142 1120 299 1212 Suscipis
316 1119 512 1213 Hesperiam
529 1120 637 1213 patrio
655 1119 705 1188 bis
721 1120 831 1187 Marte
848 1132 1025 1213 receptam.

142 1228 226 1318 lpsa
246 1248 309 1318 per
325 1222 474 1317 Illyricas
494 1224 612 1313 urbes,
629 1226 766 1294 Oriente
784 1224 919 1308 relicto,

142 1332 199 1398 lre
216 1332 345 1399 Serena
359 1354 489 1414 comes,
504 1329 596 1399 nullo
616 1330 771 1402 deterrita
787 1354 885 1415 casn,

144 1438 306 1505 Materna
325 1450 360 1504 te
379 1450 491 1505 mente
511 1435 646 1522 fovens,
661 1438 822 1532 Latioque
841 1437 989 1507 futurum

143 1542 329 1611 Rectorem
339 1566 587 1637 ,generumque
603 1544 673 1612 sibi.
694 1545 830 1613 Seniore
846 1566 1004 1637 supernas

143 1650 221 1715 lam
241 1661 414 1741 repetente
434 1646 566 1743 plagas,
583 1647 647 1717 illo¹
661 1650 723 1720 sub
741 1648 875 1719 cardine
892 1674 1004 1719 rerum

145 1752 269 1822 Sedula
290 1768 458 1823 servatum
479 1779 540 1847 per
557 1769 608 1825 tot
622 1755 813 1825 discrimina·
829 1756 948 1849 pignus

145 1860 305 1929 Restituit
325 1861 462 1953 sceptris
482 1863 610 1954 patrui,
627 1859 806 1954 castrisque
827 1863 945 1931 mariti.

147 1966 299 2035 Certavit
315 1967 438 2059 pietate
454 1965 589 2053 domus,
604 1967 742 2062 fidaeque
764 1966 936 2037 reductum

148 2168 303 2236 Honorino,
314 2170 374 2223 data
391 2171 442 2225 tihi
452 2172 563 2246 optandi
580 2187 656 2245 pote·
740 2173 786 2241 93.
796 2172 890 2236 Comes,
904 2172 1002 2225 Serena
1010 2171 1137 2241 Byzantio
1146 2189 1209 2238 pro·

149 2263 238 2314 etate,
250 2248 388 2303 deenme
395 2252 444 2303 ribi
455 2264 547 2304 nuum
560 2254 656 2306 mallet.
700 2253 767 2304 lecta
782 2264 821 2304 est
836 2270 897 2305 cum
913 2251 1051 2312 Honorio;
1070 2249 1134 2321 qui,
1149 2261 1209 2319 poet

192 2330 240 2382 86.
252 2330 368 2381 etam
375 2344 468 2383 vocant
476 2345 571 2402 poetae,
581 2331 659 2404 quid·
700 2330 803 2385 cladem
814 2332 928 2403 Eugenii
937 2370 944 2395 ‚
954 2328 987 2383 ad
1003 2341 1105 2401 patrem
1117 2328 1208 2379 simul·

150 2406 218 2480 quid
226 2408 380 2480 Egyptian
386 2411 483 2476 eet,oh
492 2412 657 2466 nobilitatem
700 2429 751 2483 qne
767 2410 800 2464 ad
817 2412 961 2484 imperium
978 2407 1130 2464 Occidentis
1144 2426 1208 2479 pro·

150 2488 230 2542 Phari
245 2490 327 2542 turrie
339 2503 366 2542 et
382 2490 475 2543 ineuln
492 2490 526 2544 ad
541 2493 657 2545 Alexan·
698 2493 816 2562 perabat.
827 2491 879 2546 Sed
890 2492 947 2544 heu
956 2508 1048 2544 rerum
1057 2487 1141 2542 vires!
1155 2488 1208 2540 Vix

151 2567 299 2622 dream-
314 2570 424 2638 tigride
444 2571 553 2623 nomine
574 2585 659 2624 extre·
699 2572 834 2624 Honorius
853 2571 989 2642 appulerat
1006 2567 1207 2631 Mediolanum,

149 2667 223 2702 mam
235 2647 270 2701 ad
290 2649 429 2703 Orientem
450 2650 532 2703 linem
551 2652 658 2722 imperii
699 2667 785 2721 quum
802 2651 840 2703 ibi
860 2648 1029 2718 Theodosius
1050 2651 1106 2719 ejus
1132 2659 1207 2718 pater

149 2729 217 2782 ultra
230 2729 392 2800 Euphraten
410 2727 528 2790 indicat,
551 2743 582 2784 ιιι
598 2732 656 2784 Me·
701 2730 777 2784 obiit.

150 2810 322 2880 ropctamianr
330 2809 657 2880 complectatur,Nieihin,
739 2809 786 2878 95.
800 2809 904 2881 Nempe
917 2806 1083 2861 theodosius
1096 2825 1158 2860 mox
1173 2805 1206 2858 ab

150 2886 307 2954 Seleuciam
321 2888 523 2958 Ctesiphonem.
699 2888 744 2942 illa
759 2887 794 2942 de
807 2889 928 2960 Eugenio
943 2888 1054 2942 victoria
1070 2899 1097 2940 et
1112 2885 1207 2938 trium·

188 2966 399 3038 87.1lona,·ted
409 2968 546 3020 Honorius
555 2969 660 3020 llaren·
698 2967 753 3038 pho
765 2969 821 3020 rita
836 2968 945 3021 lnnctus
959 2979 998 3020 est
1009 2969 1041 3018 A.
1056 2967 1087 3019 C.
1106 2963 1172 3032 395.

149 3065 211 3099 nam
220 3061 249 3099 et
257 3045 441 3100 Mediolanum
452 3067 522 3119 sape
533 3047 655 3102 incoluit.
739 3051 786 3116 96.
799 3046 920 3109 Cardine,·
931 3048 959 3098 in
968 3057 1042 3098 tanto
1051 3061 1141 3097 rerum
1151 3039 1205 3108 die·

190 3125 360 3180 tevidear
368 3125 658 3181 Fortunaideolariree
698 3123 1207 3199 nimiaequnmtheodosineobiiner,

150 3203 290 3270 Maximo,
308 3225 339 3258 ae
358 3205 456 3260 deinde
476 3207 596 3277 Eugenio
614 3219 657 3277 ty·
698 3223 836 3277 quumque
861 3225 932 3258 mors
959 3206 1015 3275 ejus
1040 3201 1206 3256 occationem

149 3302 254 3350 ranno,
274 3297 305 3338 nt
322 3285 441 3338 alliceret
458 3286 487 3338 in
506 3304 550 3338 ear
570 3298 658 3356 parter
698 3283 762 3337 dare
778 3298 865 3356 posset
883 3284 960 3338 norit
979 3283 1074 3346 rehue,
1093 3279 1206 3334 servarit

148 3323 658 3430 Thmdddmetonmeollonorinnr,
697 3364 809 3435 pignus,
825 3365 925 3418 seilicet
945 3362 1111 3425 Uenerium,
1126 3377 1205 3430 quern

150 3461 224 3512 quein
235 3444 370 3517 triumphi
380 3443 657 3505 eniillerolehateeee
697 3441 840 3498 reddidit
832 3443 945 3520 imperio
963 3443 1051 3514 patrui
1066 3440 1115 3494 mi.
1129 3439 1204 3510 Virg.

152 3523 312 3596 perticipm.
698 3521 932 3594 AEnetd.1‚:·676
922 3515 1007 3576 haud
1015 3517 1205 3575 tentocenabit

192 3602 615 3674 91.Bisureeeptare‚ellaximo
629 3615 658 3656 et
698 3602 811 3656 cardine
819 3613 942 3656 rernm
1012 3641 1016 3650 .

152 3679 276 3748 tegulo
294 3683 336 3736 De
349 3683 405 3736 hoc
421 3681 518 3735 Zoeirn.
534 3683 584 3746 IV,
601 3683 658 3747 583
739 3701 784 3750 99.
800 3683 912 3744 Domum
932 3681 1090 3736 Stilichonia
1110 3675 1205 3728 domus

151 3755 186 3810 de
198 3759 246 3810 illo
257 3760 320 3816 ibid,
334 3781 359 3815 c.
373 3761 476 3814 XLVI,
699 3762 810 3816 certavit
827 3761 940 3834 pietate,
957 3762 1008 3814 hoc
1022 3771 1079 3822 eat,
1094 3753 1206 3808 Stilicho

176 3856 225 3906 9².
233 3837 318 3892 Sam
319 3840 487 3904 ,Stilichonis
496 3860 572 3906 uxor,
581 3859 657 3894 soror
699 3855 726 3894 et
737 3841 836 3894 Serena
852 3840 944 3894 relnt'
936 3852 1007 3892 mter
1020 3857 1049 3890 ae
1061 3795 1205 3888 dontende·

149 3917 293 3987 pamelio,
301 3919 600 3992 etadoptirallonorii‚
610 3919 657 3974 red
698 3933 778 3984 runt,
792 3931 851 3973 uter
865 3921 992 3990 majorem
1008 3917 1036 3968 in
1055 3912 1206 3968 Honorium

148 3997 315 4069 aliquantum
328 4013 399 4054 etate
412 4001 492 4054 illum
504 4018 656 4070 praegressa,
698 3999 824 4071 pietatem
834 3998 979 4050 exhiheret.
992 3994 1100 4050 Etenim
1109 3991 1205 4046 Serena

147 4079 427 4146 noxietatem,
438 4076 657 4133 nunceducatrix
698 4095 744 4149 pre
754 4075 861 4130 reduxit
871 4075 1034 4140 Honorrunt
1045 4085 1073 4127 et
1082 4092 1142 4127 eum
1156 4073 1206 4124 sti-

148 4149 224 4222 (vid.
236 4159 340 4214 'l'ahula
347 4159 457 4231 guterio
467 4149 641 4248 Theodosii).
698 4157 790 4210 licho'
782 4175 810 4210 m
822 4157 937 4210 exercitu
950 4155 993 4226 pie
1006 4154 1114 4226 recepit.
