3034 4900
407 460 477 527 DE
504 459 569 525 vr.
598 459 746 525 cous.
776 456 1019 551 uououu.
1178 461 1247 531 103

185 595 359 677 AEstimat,
381 605 415 659 et
430 590 552 659 summi
568 591 667 659 sentit
685 590 814 683 fastigia
825 590 917 683 juris.

186 696 349 768 Attollens
364 696 492 791 apicem
509 695 665 789 subjectis
680 696 785 789 Regia
802 698 948 781 Rostris,

185 806 250 873 Tot
266 804 393 873 circum
409 800 549 871 delubra
566 800 674 885 videt,
690 802 853 895 tantisque
869 804 1017 870 Deorum
1066 849 1070 859 »

187 910 342 1003 Cingitur
357 903 520 977 excubiis!
533 908 629 1001 juvat
648 908 735 977 infra
750 921 836 977 tecta
853 910 1014 977 Tonantis

188 1017 334 1083 Cernere
351 1015 493 1107 Tarpeia
511 1012 693 1109 pendentes
714 1038 796 1109 rupe
813 1016 989 1109 Gigantas,
1080 1086 1086 1096 ,

188 1118 395 1213 Caelatasque
412 1118 519 1206 fores,
535 1119 716 1213 mediisque
736 1118 879 1189 volantia
895 1122 989 1214 signa

189 1226 357 1310 Nubibus,
378 1238 413 1293 et
427 1224 567 1294 densum
588 1226 783 1319 stipantibus
803 1226 926 1295 aethera
945 1222 1093 1320 templis,

190 1405 261 1469 vn,
281 1406 315 1470 5,
328 1417 356 1457 et
368 1405 459 1457 Savar.
475 1402 510 1456 ad
528 1402 622 1457 Sidon.
643 1424 697 1459 oer.
741 1418 834 1477 aptum
841 1405 863 1458 si
871 1405 1060 1479 quodusquam
1068 1408 1129 1461 Jovi
1137 1409 1250 1479 Tarpeio

189 1484 298 1548 mn,
314 1482 369 1547 213²
381 1524 390 1549 ,
402 1502 429 1554 p.
446 1503 511 1536 aco.
523 1484 566 1538 Cf.
575 1485 632 1537 lac.
642 1484 697 1537 Go·
742 1498 769 1537 et
782 1486 940 1558 Capitolino.
960 1486 1002 1539 Sic
1017 1484 1127 1558 quidem
1141 1487 1251 1552 malim,

189 1563 273 1616 tbolr.
287 1561 323 1616 ad
333 1563 354 1616 l.
366 1581 412 1615 nn.
429 1563 461 1617 C.
471 1560 576 1615 Tbeod.
587 1602 595 1627 ,
606 1560 640 1615 de
652 1583 698 1617 oo-
741 1584 823 1636 quam
835 1578 987 1635 sagramento
995 1567 1143 1629 valvarum,
1155 1564 1252 1638 dequi-
1296 1558 1298 1563 ’

189 1642 275 1697 mian
296 1654 324 1695 et
337 1642 451 1695 tribunis
467 1641 636 1708 scholarum,
651 1644 697 1695 tabi
741 1644 792 1697 bus
812 1646 915 1711 statim,
935 1646 1079 1716 intelligere
1097 1666 1159 1701 cum
1173 1649 1250 1699 Justo

189 1722 302 1793 pulchre
310 1721 450 1787 observat,
464 1723 497 1774 ab
511 1722 555 1775 illa
568 1722 634 1773 Cura
645 1724 698 1774 Pa·
742 1724 863 1796 Rycquio
882 1723 916 1777 de
934 1725 1084 1795 Capitolio,
1104 1746 1127 1780 c.
1148 1727 1250 1790 XVII,

189 1803 246 1853 latr'i
262 1814 354 1854 ortum
371 1799 496 1853 hmuisoe
517 1800 698 1873 splendidissi-
742 1823 768 1874 p.
800 1822 861 1873 ¹7²·
892 1805 971 1858 Certe
991 1808 1120 1875 pendentes
1146 1808 1249 1875 Tarpeio

189 1880 341 1935 mamillam
353 1879 554 1951 Campanum
564 1881 593 1933 in
604 1881 699 1935 Orien·
743 1902 800 1953 rupe
816 1882 938 1953 Gigantas
959 1884 1009 1937 tale
1025 1904 1092 1955 opus
1106 1886 1183 1957 quale
1203 1884 1249 1937 de-

190 1961 236 2013 tali
255 1960 373 2031 Imperio
396 1957 568 2030 dignitatem,
588 1962 621 2012 ab
643 1963 697 2013 Au·
742 1963 834 2034 scripsi
842 1960 1250 2035 modo,commode,etgraphice

191 2040 262 2112 gusti
274 2038 379 2109 fastigio
390 2038 550 2111 proximam.
742 2038 796 2093 dici
807 2042 889 2103 ,mibi
901 2042 993 2112 liquet.
1017 2104 1020 2111 Ι

232 2126 278 2182 ia.
294 2118 358 2172 Hac
376 2116 474 2171 domus
493 2121 572 2189 Regia
589 2130 699 2171 vocatur
785 2125 830 2183 46.
854 2118 955 2173 Celata
969 2120 1038 2186 sores
1050 2158 1057 2181 ‚
1070 2122 1152 2174 valvae
1170 2140 1250 2191 argu·

192 2210 290 2269 praeter
311 2216 411 2250 morem
433 2210 573 2263 veterum,
595 2198 699 2251 sublata
742 2212 881 2260 mentoste,
900 2218 921 2251 s.
937 2189 1251 2253 historica‘auttabulosa

194 2295 293 2347 nempe
304 2276 419 2329 nominis
427 2275 537 2330 invidie.
551 2275 595 2330 Sic
607 2276 698 2331 deha-
743 2290 895 2349 argumenta
910 2278 1037 2330 habentes
1055 2296 1086 2331 ex
1107 2278 1192 2331 aureis
1214 2278 1250 2331 la·

193 2356 324 2409 bitatione
336 2357 528 2427 Imperatorum
542 2357 631 2429 posuit
642 2358 698 2411 No·
742 2358 831 2423 minis,
838 2358 928 2428 quales
935 2358 963 2410 in
970 2358 1075 2428 templis
1084 2358 1252 2429 magnificen-

194 2434 698 2507 ster‚t',97;v111‚123;xltt,35,
743 2438 855 2490 tioribus
873 2436 953 2490 luisse
971 2437 1013 2490 vel
1033 2438 1094 2491 solae
1114 2438 1250 2492 Ciceronis

191 2527 242 2570 eto.
257 2517 339 2588 Regia
351 2517 432 2586 igitur
441 2517 548 2587 sabjecta
558 2517 608 2570 sibi
619 2518 700 2570 babet
743 2518 863 2570 Verrium
883 2515 986 2571 docent.
1009 2519 1047 2570 De
1064 2519 1107 2572 his
1126 2517 1251 2588 Capitolii

191 2597 219 2648 in
239 2596 299 2648 loro
313 2597 422 2661 Rostra,
435 2609 486 2649 etc.
503 2596 621 2667 Simplex
634 2615 698 2650 con·
742 2597 825 2650 valvis
839 2597 918 2668 paulo
934 2607 995 2667 post
1005 2597 1062 2650 hee
1075 2610 1193 2668 tempora
1207 2615 1251 2648 au-

191 2687 295 2746 apectus
314 2675 413 2728 tabule
432 2676 544 2727 Romam
564 2676 699 2747 tunquam
742 2695 804 2730 rum
816 2675 930 2729 detraxit
942 2675 1068 2737 Stilicho,
1085 2677 1108 2729 si
1121 2675 1187 2728 fides
1199 2678 1251 2727 Zo-

191 2755 339 2808 exhibentis
352 2756 428 2808 bunc
439 2755 529 2808 locum
542 2755 665 2808 illustrat.
743 2756 828 2818 simo,
844 2757 880 2818 V,
896 2755 930 2808 38
945 2777 951 2806 :
970 2756 1082 2821 «Quum
1097 2755 1167 2808 enim
1182 2755 1252 2808 Stili-

231 2841 279 2898 44.
304 2835 424 2887 Euabioe
444 2836 567 2898 Danau,
590 2836 700 2906 Regiam
744 2837 795 2888 cho
809 2832 1096 2898 mandasset,utlores
1109 2835 1251 2906 Capitolii,

192 2914 344 2978 tuentium,
357 2912 484 2966 videntur
498 2933 530 2966 ex
544 2913 699 2980 contrario,
744 2933 803 2986 qute
817 2915 876 2978 ¹auri
896 2914 1000 2968 laminis
1022 2928 1098 2968 erant
1113 2913 1250 2978 obductas,

192 3011 243 3046 nec
262 2994 320 3047 sine
340 2993 470 3064 elegantia
484 2992 562 3046 dictas
580 3013 643 3046 ctam
658 3012 700 3046 re-
744 2993 926 3058 uudareutur,
938 3006 987 3047 etc.
1000 3019 1011 3040 »
1177 2997 1180 3004 '

193 3085 284 3142 spectu
307 3071 342 3126 ad
361 3070 431 3125 illud
451 3073 532 3125 Plinii
555 3073 619 3125 Pan.
643 3073 702 3140 52,
783 3074 861 3141 Signa
880 3073 962 3124 mediis
973 3071 1073 3123 nubibas
1085 3073 1196 3123 volantia
1210 3071 1251 3123 iu-

193 3151 242 3204 ubi
264 3149 300 3204 de
319 3153 412 3205 statuis
436 3151 608 3223 Imperatoris
629 3163 701 3204 extra
745 3153 876 3224 telligam‚
897 3171 951 3204 non
967 3150 1076 3216 vexilla,
1096 3165 1154 3222 quae
1174 3152 1252 3202 certia

193 3231 272 3284 cellas
281 3231 442 3301 templonam
452 3231 559 3302 positis,
574 3231 646 3292 Tibi,
657 3231 700 3283 in·
745 3229 908 3304 temporibus
916 3243 965 3294 ,ut
975 3230 1105 3293 comitiis,
1116 3229 1253 3299 preposite

192 3310 269 3381 quit,
287 3315 404 3362 susim
421 3311 498 3362 honor
511 3311 644 3363 excubare
654 3329 701 3380 pm
745 3309 889 3377 videntum
903 3308 950 3363 sed
969 3309 1042 3380 signa
1059 3307 1167 3380 proprie
1180 3306 1254 3361 dic'ta

193 3390 291 3460 euple.
305 3391 435 3443 Excubiae
448 3428 456 3454 ,
475 3391 498 3442 si
512 3389 702 3466 proprietatem
745 3391 900 3444 i.e.statnas
909 3391 1027 3442 Deorum
1038 3389 1066 3440 in
1075 3388 1178 3459 fastigio
1189 3399 1256 3440 tem·

191 3470 266 3522 verbi
280 3482 400 3542 spectes,
416 3481 478 3522 sunt
496 3468 613 3521 militum
628 3481 701 3522 extra
745 3470 851 3540 plorum
863 3470 960 3540 positas
971 3469 1007 3522 ita
1017 3469 1070 3521 alto
1078 3467 1139 3521 loco
1148 3506 1156 3533 ,
1166 3479 1196 3520 ut
1206 3468 1260 3538 qni·

194 3549 289 3602 vallum
301 3549 439 3602 stationes.
455 3549 522 3601 Utra
532 3565 596 3600 vero
607 3547 703 3601 melior
746 3547 781 3601 de
791 3549 846 3601 imo
857 3549 913 3601 illas
924 3548 1100 3622 suspicerent,
1111 3547 1200 3599 volare
1212 3563 1254 3598 eea

196 3626 336 3695 sitlectio,
350 3627 419 3694 r'nsrc
442 3646 475 3679 an
493 3631 576 3690 iubar,
593 3626 703 3679 difficile
746 3629 820 3680 inter
845 3629 929 3681 nubes
952 3626 1204 3699 putarent.=Passim
1225 3641 1255 3676 ea

198 3704 264 3757 milri
283 3721 351 3761 certe
369 3720 410 3759 est
425 3704 534 3767 dicere,
552 3705 626 3777 qnod
644 3719 702 3758 rem
746 3701 1255 3774 videmusinnummis‚verb.gratTi·

197 3784 279 3855 ipsam
303 3788 432 3857 ignorem.
454 3786 595 3838 Probabile
613 3799 703 3838 tamen
746 3787 814 3840 berii
826 3787 892 3840 Tab.
908 3787 947 3850 X,
959 3803 988 3838 n.
1005 3805 1017 3837 s
1032 3796 1059 3836 et
1075 3786 1110 3836 ιθ
1122 3781 1227 3833 Morell.

195 3861 304 3916 videtur
317 3866 395 3919 lubae
413 3866 443 3918 in
459 3877 536 3936 parte
551 3865 626 3936 rupis
636 3865 703 3917 Tar-
790 3871 835 3935 47.
853 3865 958 3916 Demus
974 3865 1070 3916 aethera
1088 3861 1256 3933 interpretari

193 3943 281 4014 peis,
290 3944 356 3998 forte
367 3964 400 3999 ex
415 3946 473 4017 ipsa
486 3963 555 4016 rupe
564 3957 634 3997 oerte
644 3963 705 3997 ana·
747 3945 817 3996 sorte
831 3943 894 3996 licet
907 3943 1096 4004 obscuratum,
1110 3951 1141 3992 rat
1156 3941 1206 3994 vix*
1216 3941 1257 3992 vi·

191 4023 704 4098 glypboopereexcisum.,magnillcu‘m
748 4020 807 4075 deri
822 4021 904 4092 possit
921 4039 976 4092 prae
996 4019 1101 4091 templis
1121 4019 1197 4072 illum
1215 4020 1259 4070 in-

189 4117 391 4174 ergumenum,
405 4103 663 4177 gigantomachiam,
679 4116 705 4156 et
748 4101 955 4171 tercipientibus.

1088 4195 1099 4236 l

1057 4233 1075 4300 7
