3034 4900
314 446 384 515 DE
411 446 585 516 RAPTU
612 448 863 517 PROSERP.
892 449 986 517 LIB.
1014 448 1088 517 ΙΙΙ.
1153 447 1226 520 285

163 577 298 650 ltaliam
314 577 519 673 Libyamque
541 578 640 664 serit3
663 574 813 650 clarescit
833 582 1011 648 Etruscum
1190 611 1228 657 aas

165 684 282 773 Litus,
306 698 340 754 et
361 708 500 754 accenso
522 684 733 780 resplendent
753 711 884 780 aequore
906 687 1027 780 Syrtes.

164 792 273 860 Antra
294 789 411 885 procul
434 788 569 884 Scyllaea
591 794 692 885 petit,
714 793 915 886 canibusque
938 791 1083 863 reductis

165 899 248 966 Pars
270 896 454 993 stupefacta
475 895 568 984 silet,
591 922 667 992 pars
688 897 837 968 nondum
860 899 1015 968 exterrita
1037 896 1134 968 latrat
1136 950 1198 968 ......

434 1122 614 1181 RELIQUA
640 1123 967 1170 DESIDERANTUR.

167 1314 190 1363 it
204 1314 230 1362 iu
239 1327 349 1382 aequore,
366 1309 450 1360 umbra
460 1308 487 1361 h.
502 1327 527 1360 e.
537 1308 623 1379 imago
638 1308 677 1360 la·
720 1307 786 1379 pulo
802 1306 854 1378 ipsi
871 1309 950 1361 Rom.
962 1309 1053 1375 fretum
1068 1311 1232 1364 adolescentie

167 1389 440 1455 ciumaduotatfiatu,
452 1388 482 1440 b.
493 1407 516 1441 e.
526 1387 677 1453 sisinum,
722 1386 832 1451 tribuit,
853 1387 979 1439 secundom
1001 1400 1109 1451 atatem,
1135 1393 1160 1442 in
1184 1411 1230 1464 qua

165 1480 330 1541 propagatur
351 1466 385 1521 ad
405 1469 494 1521 litora.
525 1467 614 1520 Placet
634 1467 679 1521 hie
723 1477 797 1517 totam
819 1467 917 1520 Italiam
937 1472 1010 1520 armis
1029 1470 1130 1542 mbegit.
1151 1471 1230 1524 Poeta

167 1549 248 1602 etism
268 1548 377 1611 facere,
399 1561 429 1601 ut
445 1547 620 1618 pretermissa
636 1547 679 1600 vel
723 1557 813 1598 noster
830 1548 901 1614 fulua
921 1547 983 1601 facit
998 1550 1081 1615 freta,
1103 1563 1232 1621 quatenus

166 1647 225 1681 non
235 1626 681 1681 satiseertedeolaratain‘l'hesau·
722 1637 883 1697 conceptum
901 1627 967 1698 ignis
982 1627 1150 1699 splendorem
1164 1630 1231 1684 rele-

165 1709 207 1761 ris
215 1726 348 1762 revooem.
359 1708 430 1761 Frets'
440 1705 570 1760 derivatio
580 1706 682 1759 Varro·
723 1720 800 1760 runt.

166 1789 249 1841 niam
260 1787 396 1857 asmendo
408 1787 447 1840 ibi
455 1786 606 1859 proposita,
617 1805 679 1840 vera
765 1785 830 1848 445.
842 1786 889 1838 Est
898 1785 943 1840 bio
954 1788 1109 1859 epexegesis.
1124 1789 1184 1841 Lux
1197 1788 1232 1843 de

166 1865 286 1922 videtur.
310 1867 391 1921 Favet
417 1885 515 1920 nomen
537 1867 676 1934 defrutum,
722 1864 822 1918 facibus
841 1865 945 1919 Cereris
962 1887 978 1920 a
997 1866 1123 1921 fluctibus
1142 1887 1232 1940 reper-

167 1945 243 2018 quod
259 1947 334 1999 velut
350 1946 467 2013 desuem
481 1958 534 2005 est,
549 1945 678 2000 fervendo
721 1962 795 1997 cussa
805 1944 902 1997 Italiam
912 1945 1057 2018 Libyamque
1060 1949 1130 2014 serit.
1141 1949 1233 2019 Itaque

167 2027 313 2080 minutum.
321 2027 396 2079 Freto
405 2025 524 2079 dioiloea
530 2026 609 2079 maris
616 2061 624 2088 ‚
632 2026 680 2079 ubi
723 2023 787 2077 bino
798 2024 946 2078 illustratur
956 2026 1100 2080 Etruscum
1111 2027 1185 2093 litus,
1198 2029 1232 2081 ab

169 2105 285 2159 maxime
299 2106 383 2160 fervet
397 2118 476 2178 atque
489 2118 581 2160 estuat
594 2123 681 2172 mare,
723 2103 804 2157 altera
818 2116 845 2156 et
860 2104 981 2175 opposita
996 2119 1072 2177 parte
1086 2107 1233 2178 resplendent

170 2185 262 2257 qualia
276 2198 338 2239 sunt
350 2187 462 2239 omnino
477 2186 617 2256 angustie,
633 2183 681 2239 sed
723 2183 844 2253 Syrtesin
853 2183 949 2237 africe
957 2184 1089 2239 litoribus.
1100 2187 1232 2240 Ascensum

170 2265 254 2319 etiarn
263 2264 354 2330 litora,
363 2264 539 2329 oonsideratio
548 2265 679 2337 exemplo
724 2283 806 2336 equor
815 2264 935 2318 oonsnlta
944 2263 1028 2336 ligura
1039 2278 1069 2319 ut
1080 2266 1177 2336 passim
1191 2286 1234 2318 ac-

170 2364 234 2398 rum
249 2343 328 2398 etiam
343 2345 578 2399 Ciceronianorum
593 2358 680 2416 potest
724 2343 801 2407 cendi,
817 2343 918 2407 iacendi,
935 2343 1027 2408 ardere,
1040 2348 1112 2416 iguis,
1119 2347 1232 2416 flamma,

170 2423 278 2479 (locere.
287 2425 322 2478 V.
334 2425 367 2480 G.
378 2444 428 2498 pro
442 2427 547 2480 Muren.
558 2443 582 2479 c.
598 2444 632 2496 17
645 2423 679 2479 de
723 2421 758 2476 de
767 2420 908 2495 ¹splendido
916 2424 1005 2479 oolore
1014 2437 1042 2479 et
1051 2423 1132 2479 radiis
1143 2444 1234 2498 reper-

168 2506 288 2560 motibns
298 2506 486 2578 popularibus,
498 2506 574 2576 Quod
577 2506 679 2572 fratruo,
726 2502 809 2557 cussis
818 2502 956 2557 dicuntur.

168 2606 240 2660 qum
254 2586 374 2657 Euripum
388 2599 425 2639 tot
436 2599 526 2638 metm·
539 2622 545 2634 .
559 2618 566 2633 ·
579 2619 585 2633 ·
597 2586 682 2638 habere
773 2588 840 2653 447.
857 2585 920 2637 Pars
937 2583 1091 2657 Scylloeorum
1110 2598 1233 2638 antrorum

164 2670 268 2737 putatu.
275 2666 346 2720 Hinc
352 2667 508 2738 metaphora
516 2666 684 2722 bonestsLu·
726 2656 910 2734 (nequeenim
926 2664 971 2718 bic
987 2683 1071 2717 unum
1086 2678 1233 2719 monstrum

168 2759 236 2800 eret.
255 2746 305 2812 IV,
328 2749 512 2811 roamtotis
530 2741 612 2813 freta',
631 2765 683 2817 pro
726 2742 816 2814 fingit,
836 2742 896 2808 sed,
913 2756 944 2796 ut
964 2762 1006 2797 res
1027 2756 1078 2809 est,
1098 2746 1233 2816 regionem

168 2826 275 2879 fervore
291 2826 337 2878 illo
351 2825 520 2897 pubesoentis
534 2824 683 2879 adolescen·
726 2824 807 2876 maris
834 2820 1020 2896 scopulosam)
1044 2843 1099 2895 prae
1123 2838 1235 2895 stupore

169 2903 316 2970 timuisti.
327 2906 362 2959 Et
377 2906 423 2959 ille
435 2905 534 2977 poetici
546 2905 606 2977 plus
621 2905 682 2958 satis
725 2900 893 2956 flammarum
902 2905 965 2968 silet,
981 2904 1083 2957 reductis
1095 2922 1150 2976 pre
1161 2918 1235 2958 metu

170 2985 273 3055 ingenii
284 2985 374 3048 homo,
388 2986 522 3053 Memfi,
537 2988 584 3050 26,
596 3002 682 3055 9‚po·
725 2982 894 3037 latratoribus
908 2984 960 3037 illis
974 2985 1080 3049 coraibus,
1094 2997 1143 3039 etc.
