3034 4900
369 456 435 522 DE
462 440 625 522 RAPTU
655 455 892 522 PROSERP.
920 455 1011 522 LIB.
1038 457 1087 523 ΙΙ.
1188 483 1259 553 227

197 592 282 680 Quae
305 588 431 672 fontes,
447 583 594 670 Grinise,
610 597 700 668 tuos,
716 599 749 654 et
765 607 845 654 saxa
862 599 1026 653 rotantem

197 696 410 790 Pantagiam,
428 714 616 785 nomenque
637 689 743 761 Gelan
762 693 817 785 qui
835 691 976 786 praebuit
993 692 1085 779 urbi,

199 801 445 873 Concelebrant
463 823 470 866 :
491 823 572 891 quas
591 799 685 892 pigra
702 798 790 867 vado
809 800 984 868 Camerina
1003 798 1157 892 palustri,

198 911 295 998 Ques
312 905 495 976 Arethusaei
515 903 644 991 latices,
662 930 744 1000 quas
761 904 889 973 advena
909 905 1016 973 nutrit
1236 939 1265 976 a.

199 1013 356 1110 Alpheus.
378 1015 491 1107 Cyane
511 1000 617 1080 totum
640 1013 863 1107 supereminet
883 1035 1012 1107 agmen.

254 1119 372 1209 Qualis
386 1118 625 1188 Amazonidum
645 1118 740 1213 peltis
758 1118 901 1188 exsultat
917 1118 1055 1188 aduncis

202 1225 347 1297 Pulchra
366 1225 505 1311 cohors,
517 1226 647 1318 quoties
665 1228 791 1295 Arcton
813 1222 970 1319 populata
991 1226 1106 1320 virago

200 1331 382 1430 Hippolyte
397 1333 510 1401 niveas
527 1331 620 1400 ducit
636 1347 712 1425 post
730 1330 841 1426 praelia
858 1347 1003 1418 turmas,

198 1443 267 1510 Seu
287 1439 390 1508 ssavos
408 1453 555 1508 stravere
574 1441 694 1525 Getas,
713 1462 771 1507 seu
792 1438 878 1508 sorte
896 1440 1057 1532 rigentem
1242 1476 1267 1512 ss

200 1545 501 1616 Thermodontiaca
516 1546 642 1613 Tanain
662 1545 791 1640 fregere
808 1546 915 1613 securi
932 1569 940 1610 ε

200 1731 270 1782 viter
284 1726 447 1790 indicamus,
459 1745 517 1797 quar
528 1726 616 1778 verbis
627 1726 714 1779 Poetae
758 1745 817 1778 mus
829 1725 862 1778 ad
878 1730 937 1778 AEn.
955 1727 1011 1791 111,
1024 1747 1096 1798 701,
1110 1732 1266 1796 mentum,

201 1805 371 1864 declarandis
396 1805 543 1859 necessaria
570 1802 714 1871 videntum
758 1807 802 1863 stt
824 1808 882 1858 sires
905 1810 1068 1877 Kapspisas,
1090 1809 1202 1872 ἀκίνητος
1220 1813 1267 1884 γὰρ

202 1888 414 1960 disputationem
423 1886 614 1939 accuratiorem
628 1887 716 1956 requi·
759 1886 873 1954 ducisse·
886 1904 941 1956 quo
953 1899 1127 1959 contempto,
1142 1892 1268 1962 pestilen-

201 1981 292 2023 rentes
313 1965 349 2020 ad
368 1965 576 2039 prestantissimi
599 1965 716 2018 Cluverii
759 1966 803 2019 tire
815 1965 964 2018 evertendae
975 1984 1051 2020 musa
1060 1986 1142 2038 quum
1153 1988 1211 2023 enm
1222 1992 1268 2026 ex·

202 2049 322 2102 Siciliam
335 2060 362 2100 et
377 2045 550 2098 Celleriauam
563 2045 634 2098 orbis
648 2046 716 2098 anti·
759 2045 913 2110 siocassent,
929 2063 978 2116 per
991 2063 1048 2098 eam
1063 2061 1167 2118 purtem
1180 2051 1268 2107 hortas

202 2129 250 2202 qui
264 2127 389 2182 notitiam
401 2126 559 2197 ablegantes.
759 2125 871 2195 ingressi
882 2138 952 2177 sunt.

245 2208 292 2280 57.
305 2209 346 2260 De
363 2205 458 2260 Criniso
470 2205 522 2258 hoc
536 2216 638 2257 tautum
658 2224 716 2257 mo·
801 2207 849 2257 60.
862 2205 999 2268 Arethusa,
1014 2206 1076 2259 lons
1088 2225 1174 2280 prope
1189 2211 1268 2282 sym.

210 2307 328 2348 nemus,
350 2284 474 2340 eumdem
501 2284 614 2338 durium
631 2282 717 2338 videri
762 2303 854 2349 cums,
868 2285 897 2336 in
911 2303 992 2356 quem
1012 2303 1062 2357 per
1083 2287 1269 2346 subterraneos

205 2367 336 2424 Cluverio
347 2385 377 2420 ec
388 2365 571 2435 Cellario,qui
583 2363 717 2429 Crimesnr,
762 2377 863 2418 meatus
880 2365 952 2418 exire
969 2366 1115 2436 putabatur
1135 2369 1268 2440 Alpheus,

208 2448 352 2512 Crimissur,
370 2445 502 2509 Crimisus,
517 2445 665 2499 Criruirnsiu
676 2442 718 2497 di·
761 2444 847 2499 Elidis
872 2439 985 2511 fluuius,
1010 2459 1112 2500 amator
1132 2450 1271 2521 quondam

205 2530 288 2583 versis
312 2526 490 2599 scriptoribus
514 2539 632 2577 vocatur.
658 2525 719 2578 Plus
762 2526 889 2599 nymphae
899 2526 1118 2580 methumvnt·
1130 2528 1165 2582 sd
1177 2532 1227 2597 IV,
1240 2552 1269 2602 9.

206 2610 287 2663 etism
311 2607 445 2661 varietatis
465 2605 619 2667 annotavit,
637 2604 719 2657 Crini·
762 2606 859 2657 Totarn
877 2605 994 2659 fabulum
1014 2614 1105 2659 narrat
1124 2626 1200 2663 more
1222 2629 1272 2665 suo

207 2708 259 2741 snm
273 2706 340 2742 vero
358 2687 404 2741 hic
426 2698 453 2739 et
471 2682 544 2757 apud
561 2685 638 2755 Virg.
656 2688 718 2737 lEu.
764 2704 796 2739 ex
810 2686 893 2756 ipsius
907 2704 1020 2757 persons
1034 2687 1173 2742 Arethusae
1191 2690 1270 2746 Ovid.

208 2770 246 2834 V,
262 2770 315 2832 38,
328 2766 452 2839 probavit
466 2764 599 2817 Heinsius.
763 2765 829 2819 Met.
841 2766 878 2829 V,
890 2765 944 2837 ⁵7²
957 2784 1015 2837 sqq.
1027 2768 1197 2823 nocentiores
1207 2790 1272 2843 poe·

252 2849 299 2904 58.
314 2848 411 2900 Vibius
422 2846 503 2917 Sequ.
516 2844 550 2897 de
561 2845 676 2899 Flumiu.
692 2864 720 2916 p.
764 2858 817 2909 tas,
828 2844 1101 2912 Guarinumltslum,
1112 2861 1139 2901 st
1150 2864 1272 2905 nostrum
1368 2862 1371 2867 ·

210 2930 265 2983 68:
286 2954 298 2975 ι
315 2927 452 2997 Pantagias
464 2925 562 2979 Siciliae
573 2924 609 2977 ita
621 2922 719 2985 dictus,
764 2925 984 2978 loheusteinium
996 2964 1005 2990 ,
1016 2938 1101 2979 taceo

211 3006 287 3079 quod
300 3006 404 3059 sonitus
419 3008 476 3077 ejus
496 3002 661 3059 decurrentis
673 3022 723 3076 per
807 3010 846 3058 61.
865 3004 960 3077 Cyanes
978 3005 1007 3058 in
1026 3006 1128 3059 fontem
1144 3022 1272 3073 mutatu,

212 3100 297 3141 totam
306 3086 421 3139 insulem
427 3083 532 3139 auditus
542 3098 673 3155 estusque
682 3102 722 3147 eo,
767 3103 850 3158 quum
860 3086 989 3139 obsistere
1001 3086 1082 3138 vellet
1096 3090 1197 3158 raptori
1211 3090 1274 3143 Plu-

212 3165 301 3220 douec
322 3166 403 3219 Ceres
415 3184 535 3238 quereus
550 3164 633 3217 filiam
650 3182 724 3216 com·
768 3164 840 3229 toni,
852 3164 940 3217 fabula
951 3178 990 3217 est
1000 3163 1081 3218 ovid.
1092 3166 1157 3219 Met.
1168 3169 1205 3232 V,
1216 3176 1274 3231 41²·

211 3246 343 3319 primeret
361 3264 421 3299 enm
438 3272 462 3299 ι.
477 3245 559 3300 Cous.
578 3244 724 3297 Bochartus
809 3247 855 3296 62.
875 3245 915 3297 De
927 3245 1000 3315 psltoe
1017 3244 1168 3299 Ammonias
1191 3248 1277 3319 figura

212 3325 490 3398 em.1‚138,pag.
513 3328 578 3395 ⁵9²·
599 3326 641 3377 De
661 3323 725 3378 Gela
768 3324 884 3378 multum
901 3323 1067 3397 disputatum
1084 3338 1133 3380 est.
1152 3326 1216 3381 vid.
1231 3330 1276 3382 Pe.

212 3408 291 3479 plens
305 3403 402 3461 wdem
414 3404 497 3459 modo
510 3405 587 3475 Virg.
599 3408 661 3457 AEu.
674 3403 725 3468 111,
770 3404 850 3458 Petiti
860 3404 929 3458 Dias.
938 3424 961 3457 c.
970 3404 1050 3457 XXV
1062 3416 1089 3459 et
1098 3406 1199 3461 XXVI.
1211 3408 1278 3474 Qun

214 3506 290 3557 7oa,
316 3513 328 3535 ι
345 3486 528 3557 Immersitque
547 3484 627 3549 Gela,
651 3482 726 3535 fluvii
770 3484 808 3538 ihi
822 3485 979 3538 eanummis
994 3485 1104 3557 aliisque
1118 3504 1278 3541 monumen·

215 3567 376 3637 cognomine
386 3564 459 3619 dieta
473 3564 557 3618 ..sit
571 3564 647 3628 XIV,
661 3564 728 3627 218,
771 3566 805 3618 tis
828 3564 986 3617 exhibentur
1007 3564 1112 3636 ligure,
1133 3567 1279 3620 adarncmwn

220 3673 232 3693 ·
252 3646 333 3701 Venit
353 3646 388 3699 ab
407 3662 490 3715 amne,
504 3644 611 3697 trahens
629 3660 728 3695 nomen
772 3642 909 3715 epitheton
917 3644 1280 3715 pulchrehisoonvenirsos-

216 3724 282 3779 Gela
296 3752 325 3791 ι,
339 3726 370 3779 la.
385 3744 409 3778 e.
426 3724 569 3789 Gelenses,
589 3723 630 3776 vel
650 3721 729 3775 Geloi
773 3721 896 3778 tendunt.
919 3725 1015 3776 Securis
1032 3724 1111 3776 etiam
1133 3726 1281 3780 Amazonia

216 3817 341 3857 maereant.
774 3804 887 3875 figuram
903 3803 1004 3856 ibidem
1020 3803 1083 3855 licet
1095 3820 1261 3873 cognoscere.

265 3884 311 3953 59.
337 3884 426 3938 Etiam
453 3883 582 3936 Canariam
607 3878 730 3944 (Grecis
816 3882 1229 3952 64.DeHippolytehscadX1,
1245 3886 1280 3939 35

215 3961 372 4033 Καμαρίνῃ)
390 3965 483 4034 palus,
496 3964 558 4016 urbi
576 3962 669 4015 vicinas
682 3981 731 4014 no·
776 3961 877 4015 dictum
903 3974 964 4014 este
981 3961 1066 4031 signat
1087 3962 1159 4016 illam
1188 3964 1285 4018 Noster

215 4060 280 4096 men
305 4040 360 4097 dat.
382 4042 488 4097 Nobilis
508 4054 548 4096 est
569 4040 729 4113 proverbio,
778 4044 875 4107 etiam,
888 4042 1017 4106 XXXIV,
1032 4042 1076 4112 37.

215 4122 262 4174 cui
277 4136 367 4176 ortum
380 4120 472 4187 dedit,
486 4124 508 4175 si
520 4122 643 4176 Servium
657 4118 731 4173 eudi-
818 4126 865 4177 66.
880 4122 1046 4185 remorae,
1061 4120 1219 4192 Θερμώδων,
1235 4122 1286 4175 flu·

1069 4227 1132 4299 15²
