3034 4900
383 500 449 568 DE
477 499 643 568 RAPTU
671 499 911 570 PROSERP.
940 501 1033 570 tle:
1062 501 1113 572 ΙΙ.
1204 526 1281 597 229

216 631 388 718 invideat,
405 632 560 726 vincique
578 657 655 702 suos
673 658 741 702 non
760 633 886 702 abnuat
900 634 1026 704 hortos.
1257 663 1282 702 ι.
1342 647 1347 660 ’

215 739 385 834 Quidquid
403 737 549 808 turiferis
566 740 669 834 spirat
685 739 851 808 Panchaia
868 738 976 828 silvis,
1336 733 1340 740 ’

215 845 389 940 Quidquid
407 843 563 914 odoratus
581 842 680 940 longe
697 844 865 915 blanditur
881 846 1072 942 Hydaspes,

215 951 387 1047 Quidquid
403 951 445 1020 ab
462 953 617 1021 extremis
632 951 699 1021 ales
717 950 868 1047 longaeva
885 952 1007 1023 Sabaeis

215 1056 368 1154 Colligit,
386 1071 501 1152 optato
518 1071 669 1153 repetens
688 1058 822 1128 exordia
839 1057 955 1145 busto,

214 1167 257 1232 ln
274 1188 376 1234 venas
393 1164 544 1260 disperge
562 1187 669 1249 aneae,
687 1179 721 1234 et
739 1165 871 1234 flamine
888 1163 982 1260 largo

214 1271 309 1340 Rura
327 1269 418 1356 fove,
435 1293 565 1340 merear
582 1269 694 1354 dimne
713 1267 831 1366 pollice
849 1271 959 1365 carpi,

213 1379 260 1446 Et
275 1378 395 1479 nostris
412 1379 548 1472 cupiant
565 1379 677 1447 omasi
693 1379 830 1446 numina
848 1378 952 1446 sertis.
966 1405 984 1442 a

268 1483 425 1554 Dixerat:
441 1482 495 1552 ille
512 1507 602 1552 novo
616 1483 823 1553 madidantes
837 1498 970 1553 nectare
985 1508 1110 1578 pennas

214 1589 395 1678 Concutit,
412 1603 446 1658 ct
462 1587 575 1685 glebas
592 1588 735 1660 fecundo
752 1615 828 1659 rore
845 1591 996 1676 maritat;

213 1697 358 1791 Quaque
375 1695 484 1784 volat,
498 1721 620 1766 vernus
638 1697 785 1791 sequitur
802 1697 928 1766 rubor:
948 1698 1055 1766 omnis
1070 1698 1104 1765 in
1122 1697 1242 1772 herbas
1253 1745 1280 1785 ,0

212 1804 342 1898 Turget
358 1801 498 1890 humus,
517 1801 691 1897 medioque
709 1817 825 1898 patent
842 1826 990 1873 convexa
1007 1827 1123 1873 sereno
1142 1831 1149 1872 :

258 2022 303 2074 82.
329 2021 454 2074 Odor-ntus
468 2020 597 2094 Hydaspes
614 2031 726 2092 propter
769 2020 817 2073 illo
838 2021 914 2076 verbi
934 2021 1073 2074 intellectu
1093 2021 1140 2076 bic
1158 2041 1279 2092 summe,

212 2113 345 2167 aromata,
353 2118 416 2172 qua
425 2098 542 2153 exlndia
553 2099 724 2171 petebantur;
769 2101 822 2154 ita:
833 2101 906 2160 Tuo,
921 2119 939 2153 o
952 2100 1086 2171 Zephyre!
1095 2102 1225 2157 beneficio
1235 2104 1278 2158 di·

212 2180 284 2234 sorte
294 2179 409 2234 medicas
417 2179 498 2234 etiarn
506 2181 613 2233 arbores
622 2179 724 2234 habuit.
769 2198 821 2250 gna
832 2179 910 2241 liam,
924 2191 955 2232 nt
964 2177 1057 2234 divino
1068 2181 1164 2251 pollice
1174 2201 1277 2254 carpor.

213 2259 267 2314 Hie
277 2273 317 2314 est
327 2260 404 2314 ladas
414 2260 491 2324 odor,
506 2259 605 2324 XLIV,
618 2263 664 2329 98.
770 2259 822 2312 Cui
833 2277 881 2313 rex
895 2260 1025 2313 honorem
1041 2261 1155 2328 tribuit,
1167 2261 1214 2314 ille
1224 2267 1277 2334 jam

256 2340 302 2395 83.
316 2339 378 2394 Ales
393 2341 519 2409 longam
534 2339 725 2410 Phoenix,quas
769 2350 887 2392 merctur
904 2339 1018 2393 aliorum
1039 2338 1233 2407 reverentiam,
1251 2356 1280 2396 et

212 2433 275 2491 post
290 2420 364 2475 mille
374 2419 435 2476 vite
447 2418 576 2475 arumde
591 2419 657 2473 turia
670 2437 726 2473 aar
769 2437 817 2473 sao
826 2421 887 2492 jure
900 2431 987 2491 potest
1001 2418 1112 2491 erigere.

212 2500 281 2555 culis
295 2501 346 2554 sibi
363 2520 459 2573 rogum
472 2499 548 2565 facit,
568 2512 620 2553 etc.
638 2499 726 2553 Habe·
811 2502 857 2555 88.
866 2500 960 2553 Novum
970 2512 1069 2566 nectar,
1080 2500 1154 2573 qnod
1164 2504 1278 2558 subinde

212 2580 379 2635 bimnaenim
386 2581 508 2633 n.XL1V
515 2591 603 2633 toturn
610 2577 644 2633 de
651 2580 727 2632 Phos-
768 2580 892 2644 scaturit,
899 2598 943 2643 eo,
954 2578 1028 2651 qnod
1039 2579 1183 2636 adhnserat
1190 2586 1278 2656 prins,

213 2660 274 2714 nioe
295 2679 418 2725 carmen,
441 2678 477 2713 ne
497 2659 532 2713 de
554 2658 725 2714 hamtiano
768 2672 938 2733 consumpto.

214 2739 341 2795 Phoenice
356 2739 470 2795 dicam.‘
606 2790 610 2799 ,
811 2742 857 2808 89.
872 2739 991 2802 Maritus,
1006 2738 1156 2795 saecunda
1169 2743 1278 2813 phrasi,

258 2823 301 2885 84.
317 2820 421 2890 Colligit
435 2820 571 2885 cinnama,
584 2830 687 2873 nonum
699 2832 726 2871 et
769 2818 884 2873 maritali
893 2818 994 2873 semine
1003 2818 1137 2873 fecundat.
1148 2822 1280 2876 Μινο-

213 2900 266 2955 alia
296 2890 490 2965 odoramenta,
512 2917 573 2970 qna
597 2916 726 2953 noncuam
769 2898 831 2961 nio,
845 2898 893 2970 qni
906 2910 946 2951 est
963 2897 1021 2969 ipae
1040 2900 1277 2971 zephyrorum

215 2980 318 3033 alarum
330 2978 464 3045 incendit,
473 2982 637 3049 bustumque
649 2997 725 3031 sunm
769 2978 837 3031 xvt
850 3018 858 3044 ,
873 2977 908 3031 25
922 2996 965 3049 pr.
981 2978 1038 3031 Hoc
1052 2983 1198 3033 mansur
1210 2986 1278 3035 aias·

215 3059 378 3126 aiencitat,
392 3060 510 3131 excujua
529 3058 662 3111 cineribus
678 3076 726 3111 na·
769 3058 1178 3123 soentmatermffetXlII,4s.
1196 3079 1229 3132 7,
1243 3060 1278 3115 da

216 3138 301 3192 scitur
310 3139 483 3206 vermiculus,
494 3137 728 3193 moxPhoenixl'u·
768 3138 856 3207 palma
880 3155 953 3191 snare
967 3136 1085 3208 :Afflatu
1104 3142 1205 3211 abasque
1227 3144 1279 3211 ipsa

217 3231 304 3272 turns.
769 3230 794 3268 at
804 3218 901 3287 palam
914 3220 986 3268 estam
1000 3217 1103 3287 reliqum
1116 3223 1236 3270 mamm.

258 3298 307 3355 85.
328 3297 410 3350 Venas
421 3339 428 3361 ,
441 3311 472 3351 nt
486 3299 516 3350 in
527 3296 624 3351 nostris
635 3314 729 3367 corpo·
810 3315 858 3366 9⁰·
870 3297 965 3349 Vemus
977 3295 1180 3350 mboraividnm
1192 3300 1278 3353 omnis

215 3378 373 3433 ribnsvenas
382 3391 478 3431 santet
488 3378 603 3442 arteria3
614 3396 727 3448 quarum
769 3377 874 3447 pneris
886 3394 917 3429 ac
929 3373 1049 3428 lucidum
1062 3376 1179 3430 colorem
1194 3392 1276 3433 notat.

214 3458 256 3513 lue
275 3471 341 3513 sunt
353 3458 477 3529 spiritus,
491 3470 517 3511 et
534 3457 651 3529 purioris
666 3474 727 3509 aan-
771 3454 835 3509 Vid.
844 3473 903 3526 qaas
915 3452 1033 3508 diximus
1043 3453 1078 3507 ad
1088 3456 1195 3523 mx,
1210 3478 1238 3528 7.

214 3538 316 3609 guinis,
327 3538 380 3590 illas
394 3538 529 3591 massionis
541 3536 707 3607 receptacula
718 3555 726 3603 3
812 3534 982 3603 91.Coma
993 3536 1090 3589 Noster
1101 3554 1152 3607 pro
1165 3538 1229 3590 cralo
1239 3558 1280 3591 so·

215 3617 287 3673 itaet
296 3618 326 3671 in
337 3628 408 3671 terra
419 3628 482 3671 sunt
491 3614 600 3689 qnidam
611 3628 727 3681 meatus,
769 3616 808 3668 lat
817 3633 919 3686 ponere
934 3616 990 3668 lere
1003 3627 1142 3687 perpetuo.
1152 3617 1187 3669 V.
1200 3617 1233 3670 G.
1244 3620 1279 3685 V,

216 3716 265 3767 pes
277 3717 344 3769 quoa
355 3708 402 3750 aut
412 3714 499 3767 aqua,
514 3708 559 3749 aut
570 3696 678 3767 spiritus
688 3714 729 3749 re·
773 3695 1012 3760 454Patetautem
1021 3696 1217 3765 caelum‚qnuns
1224 3716 1281 3750 non

216 3776 268 3829 bus
275 3775 414 3849 gignendis
422 3788 500 3847 aptus
510 3776 603 3830 currit.
614 3808 655 3819 —
665 3776 727 3829 Fla·
771 3776 952 3829 astobtextnm
959 3775 1002 3827 vel
1009 3776 1145 3827 obtectum
1152 3776 1280 3831 nubibus.

217 3858 279 3907 miae
290 3858 374 3927 largo,
389 3856 457 3909 flatu
468 3855 581 3909 fecundo
595 3868 621 3909 et
631 3854 714 3910 vitali.
773 3854 868 3925 Virgil.
882 3852 987 3907 AEneid.
1000 3852 1092 3917 1,155
1103 3854 1280 3927 ,coehmapm

258 3938 304 3990 86.
315 3938 415 3989 Menas
422 3946 511 4007 potest
522 3934 589 3989 illud
600 3934 725 4007 quidem,
771 3947 820 3987 tam
836 3933 1026 4004 interpretatam
1041 3950 1147 3984 ursam
1160 3932 1279 3991 Servim,

216 4033 267 4086 pro
285 4035 336 4071 usu
349 4016 433 4071 aetatis
445 4016 526 4087 hujus
542 4026 569 4069 et
586 4016 666 4085 paulo
681 4034 725 4068 aa·
772 4014 923 4084 Utrumque
932 4012 1021 4083 jungit
1035 4011 1132 4065 Noster
1146 4032 1154 4066 :
1167 4008 1196 4068 iri
1205 4018 1280 4069 Hen-

214 4094 344 4167 perioris,
357 4095 439 4149 etiam
449 4094 610 4166 significare,
621 4094 725 4147 contin·
769 4092 846 4146 nansi
860 4094 984 4161 regione,
1003 4092 1106 4161 inquit,
1121 4106 1206 4163 paren
1222 4114 1281 4147 cas.

215 4188 258 4245 gat
270 4176 347 4231 mihi.
358 4173 411 4231 Sed
422 4176 486 4229 lieet
498 4192 605 4246 quoqne
614 4174 725 4229 naturali
772 4192 834 4225 aean
852 4172 927 4237 cali,
942 4184 973 4225 ut
987 4172 1089 4225 modim
1107 4173 1142 4226 sit
1156 4194 1280 4237 semaam,

1038 4264 1102 4350 15³
