<?xml version="1.0" encoding="UTF-8"?>
<!DOCTYPE html PUBLIC "-//W3C//DTD XHTML 1.0 Transitional//EN"
    "http://www.w3.org/TR/xhtml1/DTD/xhtml1-transitional.dtd">
<html xmlns="http://www.w3.org/1999/xhtml" xml:lang="en" lang="en">
 <head>
  <title>
</title>
<meta http-equiv="Content-Type" content="text/html;charset=utf-8" />
  <meta name='ocr-system' content='tesseract 3.04.00' />
  <meta name='ocr-capabilities' content='ocr_page ocr_carea ocr_par ocr_line ocrx_word'/>
</head>
<body>
  <div class='ocr_page' id='page_1' title='image "./claudiiclaudian01artagoog_0156.png"; bbox 0 0 3034 4900; ppageno 0'>
   <div class='ocr_carea' id='block_1_1' title="bbox 296 389 1128 525">
    <p class='ocr_par' dir='ltr' id='par_1_1' title="bbox 296 389 1128 525">
     <span class='ocr_line' id='line_1_1' title="bbox 296 389 1128 525; baseline 0.007 -20"><span class='ocrx_word' id='word_1_1' title='bbox 296 443 364 525; x_wconf 74' lang='lat'>142</span> <span class='ocrx_word' id='word_1_2' title='bbox 502 389 577 507; x_wconf 75' lang='lat' dir='ltr'>ou.</span> <span class='ocrx_word' id='word_1_3' title='bbox 606 438 910 507; x_wconf 77' lang='lat' dir='ltr'>cusuutsut</span> <span class='ocrx_word' id='word_1_4' title='bbox 936 442 1128 512; x_wconf 85' lang='lat' dir='ltr'>xxv111.</span> 
     </span>
    </p>
   </div>
   <div class='ocr_carea' id='block_1_2' title="bbox 197 566 1343 1935">
    <p class='ocr_par' dir='ltr' id='par_1_2' title="bbox 288 566 1025 665">
     <span class='ocr_line' id='line_1_2' title="bbox 288 566 1025 665; baseline -0.009 -22"><span class='ocrx_word' id='word_1_5' title='bbox 288 571 419 665; x_wconf 82' lang='lat' dir='ltr'>Digerit</span> <span class='ocrx_word' id='word_1_6' title='bbox 432 568 559 664; x_wconf 90' lang='lat' dir='ltr'>imperii</span> <span class='ocrx_word' id='word_1_7' title='bbox 579 566 641 637; x_wconf 90' lang='lat' dir='ltr'>sub</span> <span class='ocrx_word' id='word_1_8' title='bbox 654 567 764 662; x_wconf 85' lang='lat' dir='ltr'>judice</span> <span class='ocrx_word' id='word_1_9' title='bbox 779 567 845 637; x_wconf 81' lang='lat' dir='ltr'>latu</span> <span class='ocrx_word' id='word_1_10' title='bbox 859 570 990 639; x_wconf 79' lang='lat' dir='ltr'><strong>Senatu.</strong></span> <span class='ocrx_word' id='word_1_11' title='bbox 1008 602 1025 636; x_wconf 72' lang='lat' dir='ltr'>n</span> 
     </span>
    </p>

    <p class='ocr_par' dir='ltr' id='par_1_3' title="bbox 289 672 1068 769">
     <span class='ocr_line' id='line_1_3' title="bbox 289 672 1068 769; baseline -0.003 -22"><span class='ocrx_word' id='word_1_12' title='bbox 289 676 346 749; x_wconf 87' lang='lat' dir='ltr'>Nil</span> <span class='ocrx_word' id='word_1_13' title='bbox 363 672 531 762; x_wconf 83' lang='lat' dir='ltr'>cumulat,</span> <span class='ocrx_word' id='word_1_14' title='bbox 548 674 723 769; x_wconf 84' lang='lat' dir='ltr'>verbisque</span> <span class='ocrx_word' id='word_1_15' title='bbox 740 672 822 744; x_wconf 85' lang='lat' dir='ltr'>nihil</span> <span class='ocrx_word' id='word_1_16' title='bbox 841 673 961 746; x_wconf 83' lang='lat' dir='ltr'>fiducia</span> <span class='ocrx_word' id='word_1_17' title='bbox 975 676 1068 747; x_wconf 84' lang='lat' dir='ltr'>celat.</span> 
     </span>
    </p>

    <p class='ocr_par' dir='ltr' id='par_1_4' title="bbox 288 780 1060 875">
     <span class='ocr_line' id='line_1_4' title="bbox 288 780 1060 875; baseline 0 -22"><span class='ocrx_word' id='word_1_18' title='bbox 288 783 402 853; x_wconf 84' lang='lat' dir='ltr'>Fucati</span> <span class='ocrx_word' id='word_1_19' title='bbox 418 782 576 851; x_wconf 85' lang='lat' dir='ltr'>sermonis</span> <span class='ocrx_word' id='word_1_20' title='bbox 590 804 689 875; x_wconf 86' lang='lat' dir='ltr'>opem</span> <span class='ocrx_word' id='word_1_21' title='bbox 702 804 796 849; x_wconf 91' lang='lat' dir='ltr'>mens</span> <span class='ocrx_word' id='word_1_22' title='bbox 811 782 942 853; x_wconf 86' lang='lat' dir='ltr'>conscia</span> <span class='ocrx_word' id='word_1_23' title='bbox 955 780 1060 853; x_wconf 89' lang='lat' dir='ltr'>laudis</span> 
     </span>
    </p>

    <p class='ocr_par' dir='ltr' id='par_1_5' title="bbox 197 887 1343 1197">
     <span class='ocr_line' id='line_1_5' title="bbox 286 887 1161 983; baseline 0.002 -25"><span class='ocrx_word' id='word_1_24' title='bbox 286 890 431 958; x_wconf 80' lang='lat' dir='ltr'>Abnuit:</span> <span class='ocrx_word' id='word_1_25' title='bbox 450 901 635 983; x_wconf 73' lang='lat' dir='ltr'>agnoscitur</span> <span class='ocrx_word' id='word_1_26' title='bbox 648 910 823 982; x_wconf 86' lang='lat' dir='ltr'>proceres,</span> <span class='ocrx_word' id='word_1_27' title='bbox 837 887 1016 983; x_wconf 79' lang='lat' dir='ltr'>habituque</span> <span class='ocrx_word' id='word_1_28' title='bbox 1030 888 1161 960; x_wconf 85' lang='lat' dir='ltr'>Gabino</span> 
     </span>
     <span class='ocr_line' id='line_1_6' title="bbox 286 992 1343 1090; baseline -0.001 -26"><span class='ocrx_word' id='word_1_29' title='bbox 286 995 464 1089; x_wconf 89' lang='lat' dir='ltr'>Principis,</span> <span class='ocrx_word' id='word_1_30' title='bbox 480 1008 515 1062; x_wconf 91' lang='lat' dir='ltr'>et</span> <span class='ocrx_word' id='word_1_31' title='bbox 534 992 674 1063; x_wconf 89' lang='lat' dir='ltr'>ducibus</span> <span class='ocrx_word' id='word_1_32' title='bbox 689 993 933 1087; x_wconf 78' lang='lat' dir='ltr'>circumstipata</span> <span class='ocrx_word' id='word_1_33' title='bbox 951 997 1071 1090; x_wconf 82' lang='lat' dir='ltr'>togatis</span> <span class='ocrx_word' id='word_1_34' title='bbox 1306 1032 1343 1082; x_wconf 64' lang='lat'>⁵⁹⁵</span> 
     </span>
     <span class='ocr_line' id='line_1_7' title="bbox 197 1096 962 1197; baseline -0.005 -26"><span class='ocrx_word' id='word_1_35' title='bbox 197 1134 201 1139; x_wconf 89' lang='lat'><em>·</em></span> <span class='ocrx_word' id='word_1_36' title='bbox 286 1103 365 1171; x_wconf 85' lang='lat' dir='ltr'>Jure</span> <span class='ocrx_word' id='word_1_37' title='bbox 379 1099 541 1197; x_wconf 81' lang='lat' dir='ltr'>paludatae</span> <span class='ocrx_word' id='word_1_38' title='bbox 551 1100 621 1193; x_wconf 86' lang='lat' dir='ltr'>jam</span> <span class='ocrx_word' id='word_1_39' title='bbox 634 1100 726 1169; x_wconf 84' lang='lat' dir='ltr'>curia</span> <span class='ocrx_word' id='word_1_40' title='bbox 739 1098 857 1171; x_wconf 82' lang='lat' dir='ltr'>militat</span> <span class='ocrx_word' id='word_1_41' title='bbox 871 1096 962 1169; x_wconf 82' lang='lat' dir='ltr'>aulae.</span> 
     </span>
    </p>

    <p class='ocr_par' dir='ltr' id='par_1_6' title="bbox 286 1202 963 1301">
     <span class='ocr_line' id='line_1_8' title="bbox 286 1202 963 1301; baseline 0 -26"><span class='ocrx_word' id='word_1_42' title='bbox 286 1206 401 1276; x_wconf 83' lang='lat' dir='ltr'>Adfuit</span> <span class='ocrx_word' id='word_1_43' title='bbox 418 1207 489 1301; x_wconf 88' lang='lat' dir='ltr'>ipsa</span> <span class='ocrx_word' id='word_1_44' title='bbox 502 1206 568 1275; x_wconf 89' lang='lat' dir='ltr'>suis</span> <span class='ocrx_word' id='word_1_45' title='bbox 581 1202 648 1275; x_wconf 85' lang='lat' dir='ltr'>ales</span> <span class='ocrx_word' id='word_1_46' title='bbox 669 1207 820 1275; x_wconf 84' lang='lat' dir='ltr'>Victoria</span> <span class='ocrx_word' id='word_1_47' title='bbox 834 1203 963 1301; x_wconf 90' lang='lat' dir='ltr'>templis</span> 
     </span>
    </p>

    <p class='ocr_par' dir='ltr' id='par_1_7' title="bbox 286 1310 1045 1407">
     <span class='ocr_line' id='line_1_9' title="bbox 286 1310 1045 1407; baseline 0.001 -27"><span class='ocrx_word' id='word_1_48' title='bbox 286 1314 445 1382; x_wconf 85' lang='lat' dir='ltr'>Romame</span> <span class='ocrx_word' id='word_1_49' title='bbox 463 1310 566 1381; x_wconf 80' lang='lat' dir='ltr'>tutela</span> <span class='ocrx_word' id='word_1_50' title='bbox 586 1325 693 1405; x_wconf 82' lang='lat' dir='ltr'>togae:</span> <span class='ocrx_word' id='word_1_51' title='bbox 713 1336 787 1406; x_wconf 85' lang='lat' dir='ltr'>quae</span> <span class='ocrx_word' id='word_1_52' title='bbox 804 1310 905 1380; x_wconf 79' lang='lat' dir='ltr'>divite</span> <span class='ocrx_word' id='word_1_53' title='bbox 922 1336 1045 1407; x_wconf 86' lang='lat' dir='ltr'>pompa</span> 
     </span>
    </p>

    <p class='ocr_par' dir='ltr' id='par_1_8' title="bbox 286 1416 1010 1504">
     <span class='ocr_line' id='line_1_10' title="bbox 286 1416 1010 1504; baseline 0.001 -17"><span class='ocrx_word' id='word_1_54' title='bbox 286 1420 418 1488; x_wconf 83' lang='lat' dir='ltr'>Patricii</span> <span class='ocrx_word' id='word_1_55' title='bbox 432 1416 613 1486; x_wconf 85' lang='lat' dir='ltr'>reverenda</span> <span class='ocrx_word' id='word_1_56' title='bbox 627 1416 719 1487; x_wconf 84' lang='lat' dir='ltr'>fovet</span> <span class='ocrx_word' id='word_1_57' title='bbox 731 1417 874 1487; x_wconf 83' lang='lat' dir='ltr'>sacraria</span> <span class='ocrx_word' id='word_1_58' title='bbox 891 1432 1010 1504; x_wconf 86' lang='lat' dir='ltr'>coetus,</span> 
     </span>
    </p>

    <p class='ocr_par' dir='ltr' id='par_1_9' title="bbox 283 1522 1343 1724">
     <span class='ocr_line' id='line_1_11' title="bbox 287 1522 1343 1618; baseline 0.003 -24"><span class='ocrx_word' id='word_1_59' title='bbox 287 1526 547 1618; x_wconf 81' lang='lat' dir='ltr'>Castrommque</span> <span class='ocrx_word' id='word_1_60' title='bbox 564 1522 680 1592; x_wconf 88' lang='lat' dir='ltr'>eadem</span> <span class='ocrx_word' id='word_1_61' title='bbox 700 1548 812 1593; x_wconf 85' lang='lat' dir='ltr'>comes</span> <span class='ocrx_word' id='word_1_62' title='bbox 831 1523 993 1607; x_wconf 83' lang='lat' dir='ltr'>indefessa</span> <span class='ocrx_word' id='word_1_63' title='bbox 1014 1539 1146 1596; x_wconf 89' lang='lat' dir='ltr'>tuorum</span> <span class='ocrx_word' id='word_1_64' title='bbox 1303 1556 1343 1597; x_wconf 64' lang='grc' dir='ltr'>σο.</span> 
     </span>
     <span class='ocr_line' id='line_1_12' title="bbox 283 1627 1225 1724; baseline 0.001 -24"><span class='ocrx_word' id='word_1_65' title='bbox 283 1632 383 1700; x_wconf 88' lang='lat' dir='ltr'>Nunc</span> <span class='ocrx_word' id='word_1_66' title='bbox 403 1628 536 1698; x_wconf 86' lang='lat' dir='ltr'>tandem</span> <span class='ocrx_word' id='word_1_67' title='bbox 555 1627 676 1698; x_wconf 83' lang='lat' dir='ltr'>buitur</span> <span class='ocrx_word' id='word_1_68' title='bbox 689 1630 828 1723; x_wconf 88' lang='lat' dir='ltr'>junctis,</span> <span class='ocrx_word' id='word_1_69' title='bbox 848 1643 946 1724; x_wconf 79' lang='lat' dir='ltr'>utque</span> <span class='ocrx_word' id='word_1_70' title='bbox 963 1656 1062 1702; x_wconf 87' lang='lat' dir='ltr'>omne</span> <span class='ocrx_word' id='word_1_71' title='bbox 1080 1632 1225 1703; x_wconf 83' lang='lat' dir='ltr'>futurum</span> 
     </span>
    </p>

    <p class='ocr_par' dir='ltr' id='par_1_10' title="bbox 284 1735 1061 1832">
     <span class='ocr_line' id='line_1_13' title="bbox 284 1735 1061 1832; baseline 0.003 -30"><span class='ocrx_word' id='word_1_72' title='bbox 284 1738 332 1803; x_wconf 89' lang='lat' dir='ltr'>Te</span> <span class='ocrx_word' id='word_1_73' title='bbox 346 1738 462 1805; x_wconf 82' lang='lat' dir='ltr'>Romae</span> <span class='ocrx_word' id='word_1_74' title='bbox 478 1759 613 1829; x_wconf 81' lang='lat' dir='ltr'>seseque</span> <span class='ocrx_word' id='word_1_75' title='bbox 630 1735 690 1804; x_wconf 87' lang='lat' dir='ltr'>tibi</span> <span class='ocrx_word' id='word_1_76' title='bbox 708 1736 871 1832; x_wconf 88' lang='lat' dir='ltr'>promittit</span> <span class='ocrx_word' id='word_1_77' title='bbox 886 1738 926 1804; x_wconf 78' lang='lat' dir='ltr'>&#39;in</span> <span class='ocrx_word' id='word_1_78' title='bbox 943 1760 1061 1806; x_wconf 83' lang='lat' dir='ltr'>aevum.</span> 
     </span>
    </p>

    <p class='ocr_par' dir='ltr' id='par_1_11' title="bbox 225 1840 1121 1935">
     <span class='ocr_line' id='line_1_14' title="bbox 225 1840 1121 1935; baseline 0.004 -26"><span class='ocrx_word' id='word_1_79' title='bbox 225 1910 234 1919; x_wconf 85' lang='grc'><em>,</em></span> <span class='ocrx_word' id='word_1_80' title='bbox 284 1840 371 1910; x_wconf 88' lang='lat' dir='ltr'>Hinc</span> <span class='ocrx_word' id='word_1_81' title='bbox 392 1856 425 1910; x_wconf 87' lang='lat' dir='ltr'>te</span> <span class='ocrx_word' id='word_1_82' title='bbox 439 1842 507 1935; x_wconf 85' lang='lat' dir='ltr'>jam</span> <span class='ocrx_word' id='word_1_83' title='bbox 522 1842 636 1935; x_wconf 85' lang='lat' dir='ltr'>patriis</span> <span class='ocrx_word' id='word_1_84' title='bbox 650 1842 792 1912; x_wconf 78' lang='lat' dir='ltr'>Laribus</span> <span class='ocrx_word' id='word_1_85' title='bbox 815 1840 868 1909; x_wconf 84' lang='lat' dir='ltr'>via</span> <span class='ocrx_word' id='word_1_86' title='bbox 887 1844 1020 1913; x_wconf 87' lang='lat' dir='ltr'>nomine</span> <span class='ocrx_word' id='word_1_87' title='bbox 1040 1866 1121 1913; x_wconf 81' lang='lat' dir='ltr'>vero</span> 
     </span>
    </p>
   </div>
   <div class='ocr_carea' id='block_1_3' title="bbox 277 2028 1345 4173">
    <p class='ocr_par' dir='ltr' id='par_1_12' title="bbox 285 2028 1345 2183">
     <span class='ocr_line' id='line_1_15' title="bbox 327 2028 1343 2103; baseline 0 -18"><span class='ocrx_word' id='word_1_88' title='bbox 327 2030 394 2099; x_wconf 85' lang='lat'><strong>⁵91.</strong></span> <span class='ocrx_word' id='word_1_89' title='bbox 416 2031 517 2100; x_wconf 72' lang='lat' dir='ltr'>Digerit</span> <span class='ocrx_word' id='word_1_90' title='bbox 529 2029 605 2096; x_wconf 81' lang='lat' dir='ltr'>fata,</span> <span class='ocrx_word' id='word_1_91' title='bbox 630 2029 768 2103; x_wconf 77' lang='lat' dir='ltr'>splendide</span> <span class='ocrx_word' id='word_1_92' title='bbox 786 2069 794 2099; x_wconf 97' lang='lat'>,</span> <span class='ocrx_word' id='word_1_93' title='bbox 878 2028 944 2100; x_wconf 80' lang='lat'>597.</span> <span class='ocrx_word' id='word_1_94' title='bbox 961 2030 1172 2099; x_wconf 70' lang='lat' dir='ltr'>Aluytcsoru,</span> <span class='ocrx_word' id='word_1_95' title='bbox 1196 2045 1228 2087; x_wconf 88' lang='lat' dir='ltr'>ut</span> <span class='ocrx_word' id='word_1_96' title='bbox 1243 2032 1343 2099; x_wconf 83' lang='lat' dir='ltr'>Fama,</span> 
     </span>
     <span class='ocr_line' id='line_1_16' title="bbox 285 2096 1345 2183; baseline 0.002 -20"><span class='ocrx_word' id='word_1_97' title='bbox 285 2111 361 2183; x_wconf 86' lang='lat' dir='ltr'>quasi</span> <span class='ocrx_word' id='word_1_98' title='bbox 376 2109 412 2164; x_wconf 89' lang='lat' dir='ltr'>de</span> <span class='ocrx_word' id='word_1_99' title='bbox 427 2111 484 2162; x_wconf 83' lang='lat' dir='ltr'>Deo</span> <span class='ocrx_word' id='word_1_100' title='bbox 497 2127 584 2161; x_wconf 86' lang='lat' dir='ltr'>sermo</span> <span class='ocrx_word' id='word_1_101' title='bbox 598 2122 673 2163; x_wconf 84' lang='lat' dir='ltr'>esset.</span> <span class='ocrx_word' id='word_1_102' title='bbox 836 2108 934 2174; x_wconf 86' lang='lat' dir='ltr'>XXII,</span> <span class='ocrx_word' id='word_1_103' title='bbox 946 2096 1060 2177; x_wconf 70' lang='lat'>4083&#39;01</span> <span class='ocrx_word' id='word_1_104' title='bbox 1070 2110 1214 2165; x_wconf 82' lang='lat' dir='ltr'>ostendunt</span> <span class='ocrx_word' id='word_1_105' title='bbox 1223 2125 1345 2167; x_wconf 84' lang='lat' dir='ltr'>sexcenta</span> 
     </span>
    </p>

    <p class='ocr_par' dir='ltr' id='par_1_13' title="bbox 277 2188 1344 2737">
     <span class='ocr_line' id='line_1_17' title="bbox 326 2188 1343 2265; baseline 0.002 -22"><span class='ocrx_word' id='word_1_106' title='bbox 326 2196 392 2259; x_wconf 79' lang='lat'>⁵9²·</span> <span class='ocrx_word' id='word_1_107' title='bbox 408 2190 456 2243; x_wconf 81' lang='lat' dir='ltr'>Nil</span> <span class='ocrx_word' id='word_1_108' title='bbox 467 2189 587 2252; x_wconf 72' lang='lat' dir='ltr'>emaus,</span> <span class='ocrx_word' id='word_1_109' title='bbox 604 2188 623 2242; x_wconf 88' lang='lat' dir='ltr'>i.</span> <span class='ocrx_word' id='word_1_110' title='bbox 638 2201 793 2261; x_wconf 62' lang='lat' dir='ltr'>exaggerat,</span> <span class='ocrx_word' id='word_1_111' title='bbox 836 2202 1019 2243; x_wconf 76' lang='lat' dir='ltr'>monuments.</span> <span class='ocrx_word' id='word_1_112' title='bbox 1048 2190 1134 2262; x_wconf 85' lang='lat' dir='ltr'>Hujus</span> <span class='ocrx_word' id='word_1_113' title='bbox 1161 2193 1288 2265; x_wconf 85' lang='lat' dir='ltr'>templum</span> <span class='ocrx_word' id='word_1_114' title='bbox 1315 2194 1343 2245; x_wconf 89' lang='lat' dir='ltr'>in</span> 
     </span>
     <span class='ocr_line' id='line_1_18' title="bbox 284 2267 1344 2342; baseline 0.003 -19"><span class='ocrx_word' id='word_1_115' title='bbox 284 2289 365 2342; x_wconf 87' lang='lat' dir='ltr'>supra</span> <span class='ocrx_word' id='word_1_116' title='bbox 374 2267 486 2322; x_wconf 87' lang='lat' dir='ltr'>modum</span> <span class='ocrx_word' id='word_1_117' title='bbox 499 2267 615 2322; x_wconf 85' lang='lat' dir='ltr'>dicendo</span> <span class='ocrx_word' id='word_1_118' title='bbox 623 2282 700 2340; x_wconf 76' lang='lat' dir='ltr'>auget</span> <span class='ocrx_word' id='word_1_119' title='bbox 712 2288 720 2322; x_wconf 85' lang='lat'>:</span> <span class='ocrx_word' id='word_1_120' title='bbox 733 2270 796 2321; x_wconf 73' lang='lat' dir='ltr'>nuit</span> <span class='ocrx_word' id='word_1_121' title='bbox 836 2280 928 2322; x_wconf 83' lang='lat' dir='ltr'>monte</span> <span class='ocrx_word' id='word_1_122' title='bbox 943 2269 1063 2323; x_wconf 87' lang='lat' dir='ltr'>Palatino</span> <span class='ocrx_word' id='word_1_123' title='bbox 1079 2272 1156 2324; x_wconf 89' lang='lat' dir='ltr'>bonis</span> <span class='ocrx_word' id='word_1_124' title='bbox 1171 2273 1344 2337; x_wconf 79' lang='lat' dir='ltr'>unctoribus,</span> 
     </span>
     <span class='ocr_line' id='line_1_19' title="bbox 285 2346 1344 2421; baseline 0.003 -20"><span class='ocrx_word' id='word_1_125' title='bbox 285 2352 365 2412; x_wconf 82' lang='lat' dir='ltr'>celat,</span> <span class='ocrx_word' id='word_1_126' title='bbox 381 2360 466 2412; x_wconf 86' lang='lat' dir='ltr'>tacet,</span> <span class='ocrx_word' id='word_1_127' title='bbox 487 2346 619 2401; x_wconf 81' lang='lat' dir='ltr'>subducit.</span> <span class='ocrx_word' id='word_1_128' title='bbox 641 2348 794 2421; x_wconf 84' lang='lat' dir='ltr'>Utrumque</span> <span class='ocrx_word' id='word_1_129' title='bbox 836 2360 868 2401; x_wconf 84' lang='lat' dir='ltr'>ut</span> <span class='ocrx_word' id='word_1_130' title='bbox 878 2348 937 2401; x_wconf 80' lang='lat' dir='ltr'>Liv.</span> <span class='ocrx_word' id='word_1_131' title='bbox 953 2348 1063 2415; x_wconf 84' lang='lat' dir='ltr'>XXIX,</span> <span class='ocrx_word' id='word_1_132' title='bbox 1086 2358 1138 2416; x_wconf 73' lang='lat'>14,</span> <span class='ocrx_word' id='word_1_133' title='bbox 1153 2352 1286 2406; x_wconf 83' lang='lat' dir='ltr'>collocant</span> <span class='ocrx_word' id='word_1_134' title='bbox 1298 2370 1344 2404; x_wconf 82' lang='lat' dir='ltr'>sn·</span> 
     </span>
     <span class='ocr_line' id='line_1_20' title="bbox 277 2426 1344 2502; baseline 0.004 -21"><span class='ocrx_word' id='word_1_135' title='bbox 277 2428 373 2499; x_wconf 76' lang='lat' dir='ltr'>fidaaca&#39;a</span> <span class='ocrx_word' id='word_1_136' title='bbox 397 2441 459 2492; x_wconf 80' lang='lat' dir='ltr'>est,</span> <span class='ocrx_word' id='word_1_137' title='bbox 482 2445 543 2500; x_wconf 79' lang='lat' dir='ltr'>quas</span> <span class='ocrx_word' id='word_1_138' title='bbox 565 2445 653 2500; x_wconf 80' lang='lat' dir='ltr'>neque</span> <span class='ocrx_word' id='word_1_139' title='bbox 673 2426 794 2483; x_wconf 77' lang='lat' dir='ltr'>adsciscit</span> <span class='ocrx_word' id='word_1_140' title='bbox 837 2426 953 2500; x_wconf 83' lang='lat' dir='ltr'>tiquarii.</span> <span class='ocrx_word' id='word_1_141' title='bbox 966 2427 1029 2482; x_wconf 71' lang='lat' dir='ltr'>Huc</span> <span class='ocrx_word' id='word_1_142' title='bbox 1044 2429 1191 2502; x_wconf 80' lang='lat' dir='ltr'>inpompia</span> <span class='ocrx_word' id='word_1_143' title='bbox 1204 2432 1344 2496; x_wconf 88' lang='lat' dir='ltr'>omnibus,</span> 
     </span>
     <span class='ocr_line' id='line_1_21' title="bbox 285 2506 1342 2580; baseline 0 -18"><span class='ocrx_word' id='word_1_144' title='bbox 285 2509 412 2562; x_wconf 79' lang='lat' dir='ltr'>auxilium</span> <span class='ocrx_word' id='word_1_145' title='bbox 425 2527 440 2561; x_wconf 92' lang='lat' dir='ltr'>a</span> <span class='ocrx_word' id='word_1_146' title='bbox 452 2506 614 2578; x_wconf 79' lang='lat' dir='ltr'>jaotsbundo</span> <span class='ocrx_word' id='word_1_147' title='bbox 632 2506 792 2575; x_wconf 85' lang='lat' dir='ltr'>mendacio,</span> <span class='ocrx_word' id='word_1_148' title='bbox 836 2508 864 2560; x_wconf 88' lang='lat' dir='ltr'>in</span> <span class='ocrx_word' id='word_1_149' title='bbox 879 2508 1002 2562; x_wconf 85' lang='lat' dir='ltr'>curribus</span> <span class='ocrx_word' id='word_1_150' title='bbox 1010 2508 1248 2580; x_wconf 77' lang='lat' dir='ltr'>triumphantium,</span> <span class='ocrx_word' id='word_1_151' title='bbox 1262 2511 1291 2562; x_wconf 89' lang='lat' dir='ltr'>in</span> <span class='ocrx_word' id='word_1_152' title='bbox 1306 2511 1342 2564; x_wconf 86' lang='lat' dir='ltr'>si-</span> 
     </span>
     <span class='ocr_line' id='line_1_22' title="bbox 283 2585 1342 2661; baseline -0.002 -19"><span class='ocrx_word' id='word_1_153' title='bbox 283 2607 373 2661; x_wconf 81' lang='lat' dir='ltr'>neque</span> <span class='ocrx_word' id='word_1_154' title='bbox 395 2587 493 2652; x_wconf 82' lang='lat' dir='ltr'>babet,</span> <span class='ocrx_word' id='word_1_155' title='bbox 511 2585 589 2659; x_wconf 88' lang='lat' dir='ltr'>quod</span> <span class='ocrx_word' id='word_1_156' title='bbox 609 2587 716 2642; x_wconf 81' lang='lat' dir='ltr'>silentio</span> <span class='ocrx_word' id='word_1_157' title='bbox 738 2586 792 2642; x_wconf 89' lang='lat' dir='ltr'>dis·</span> <span class='ocrx_word' id='word_1_158' title='bbox 836 2587 1073 2657; x_wconf 71' lang='lat' dir='ltr'>gnismilitaribus.</span> <span class='ocrx_word' id='word_1_159' title='bbox 1087 2589 1119 2640; x_wconf 89' lang='lat' dir='ltr'>In</span> <span class='ocrx_word' id='word_1_160' title='bbox 1132 2589 1224 2659; x_wconf 88' lang='lat' dir='ltr'>primis</span> <span class='ocrx_word' id='word_1_161' title='bbox 1237 2607 1301 2643; x_wconf 79' lang='lat' dir='ltr'>vero</span> <span class='ocrx_word' id='word_1_162' title='bbox 1314 2591 1342 2641; x_wconf 86' lang='lat' dir='ltr'>in</span> 
     </span>
     <span class='ocr_line' id='line_1_23' title="bbox 284 2665 1342 2737; baseline -0.001 -15"><span class='ocrx_word' id='word_1_163' title='bbox 284 2669 398 2724; x_wconf 81' lang='lat' dir='ltr'>simulet.</span> <span class='ocrx_word' id='word_1_164' title='bbox 836 2665 985 2737; x_wconf 86' lang='lat' dir='ltr'>Capitolio,</span> <span class='ocrx_word' id='word_1_165' title='bbox 996 2667 1042 2720; x_wconf 90' lang='lat' dir='ltr'>nbi</span> <span class='ocrx_word' id='word_1_166' title='bbox 1053 2668 1110 2720; x_wconf 86' lang='lat' dir='ltr'>aine</span> <span class='ocrx_word' id='word_1_167' title='bbox 1117 2666 1200 2720; x_wconf 87' lang='lat' dir='ltr'>dubio</span> <span class='ocrx_word' id='word_1_168' title='bbox 1214 2667 1342 2721; x_wconf 84' lang='lat' dir='ltr'>Senatum</span> 
     </span>
    </p>

    <p class='ocr_par' dir='ltr' id='par_1_14' title="bbox 284 2743 1343 3376">
     <span class='ocr_line' id='line_1_24' title="bbox 332 2743 1341 2816; baseline 0 -16"><span class='ocrx_word' id='word_1_169' title='bbox 332 2749 399 2816; x_wconf 70' lang='lat'>⁵9⁴·</span> <span class='ocrx_word' id='word_1_170' title='bbox 425 2748 533 2800; x_wconf 77' lang='lat' dir='ltr'>Habitus</span> <span class='ocrx_word' id='word_1_171' title='bbox 559 2747 671 2802; x_wconf 75' lang='lat' dir='ltr'>Gabinus</span> <span class='ocrx_word' id='word_1_172' title='bbox 694 2747 793 2800; x_wconf 76' lang='lat' dir='ltr'>Nostro</span> <span class='ocrx_word' id='word_1_173' title='bbox 835 2743 917 2798; x_wconf 87' lang='lat' dir='ltr'>modo</span> <span class='ocrx_word' id='word_1_174' title='bbox 936 2745 1028 2799; x_wconf 82' lang='lat' dir='ltr'>babuit</span> <span class='ocrx_word' id='word_1_175' title='bbox 1045 2747 1191 2800; x_wconf 87' lang='lat' dir='ltr'>Honorius.</span> <span class='ocrx_word' id='word_1_176' title='bbox 1207 2747 1270 2800; x_wconf 87' lang='lat' dir='ltr'>Post</span> <span class='ocrx_word' id='word_1_177' title='bbox 1288 2748 1341 2802; x_wconf 84' lang='lat' dir='ltr'>cla-</span> 
     </span>
     <span class='ocr_line' id='line_1_25' title="bbox 284 2821 1341 2897; baseline -0.001 -17"><span class='ocrx_word' id='word_1_178' title='bbox 284 2824 430 2880; x_wconf 88' lang='lat' dir='ltr'>oonsnlaris</span> <span class='ocrx_word' id='word_1_179' title='bbox 444 2836 573 2897; x_wconf 77' lang='lat' dir='ltr'>praetexta</span> <span class='ocrx_word' id='word_1_180' title='bbox 587 2838 626 2879; x_wconf 88' lang='lat' dir='ltr'>est</span> <span class='ocrx_word' id='word_1_181' title='bbox 635 2846 644 2892; x_wconf 89' lang='lat'>;</span> <span class='ocrx_word' id='word_1_182' title='bbox 654 2825 711 2880; x_wconf 78' lang='lat' dir='ltr'>uid.</span> <span class='ocrx_word' id='word_1_183' title='bbox 725 2827 793 2892; x_wconf 87' lang='lat' dir='ltr'>vn,</span> <span class='ocrx_word' id='word_1_184' title='bbox 835 2821 896 2876; x_wconf 88' lang='lat' dir='ltr'>dem</span> <span class='ocrx_word' id='word_1_185' title='bbox 913 2825 1094 2880; x_wconf 84' lang='lat' dir='ltr'>Romanorum</span> <span class='ocrx_word' id='word_1_186' title='bbox 1109 2823 1142 2878; x_wconf 90' lang='lat' dir='ltr'>ad</span> <span class='ocrx_word' id='word_1_187' title='bbox 1157 2826 1341 2880; x_wconf 85' lang='lat' dir='ltr'>Trasimenum</span> 
     </span>
     <span class='ocr_line' id='line_1_26' title="bbox 288 2903 1342 2978; baseline -0.002 -18"><span class='ocrx_word' id='word_1_188' title='bbox 288 2907 316 2960; x_wconf 82' lang='lat'>3.</span> <span class='ocrx_word' id='word_1_189' title='bbox 336 2907 385 2960; x_wconf 84' lang='lat' dir='ltr'>Est</span> <span class='ocrx_word' id='word_1_190' title='bbox 401 2904 446 2958; x_wconf 88' lang='lat' dir='ltr'>bio</span> <span class='ocrx_word' id='word_1_191' title='bbox 470 2905 563 2958; x_wconf 75' lang='lat' dir='ltr'>festiva</span> <span class='ocrx_word' id='word_1_192' title='bbox 588 2906 662 2958; x_wconf 80' lang='lat' dir='ltr'>velut</span> <span class='ocrx_word' id='word_1_193' title='bbox 684 2923 793 2977; x_wconf 85' lang='lat' dir='ltr'>permu-</span> <span class='ocrx_word' id='word_1_194' title='bbox 834 2903 936 2969; x_wconf 87' lang='lat' dir='ltr'>lacum,</span> <span class='ocrx_word' id='word_1_195' title='bbox 952 2917 1058 2958; x_wconf 84' lang='lat' dir='ltr'>anctore</span> <span class='ocrx_word' id='word_1_196' title='bbox 1072 2905 1164 2970; x_wconf 83' lang='lat' dir='ltr'>Livio,</span> <span class='ocrx_word' id='word_1_197' title='bbox 1177 2905 1272 2970; x_wconf 89' lang='lat' dir='ltr'>XXII,</span> <span class='ocrx_word' id='word_1_198' title='bbox 1289 2905 1342 2978; x_wconf 84' lang='lat'>37,</span> 
     </span>
     <span class='ocr_line' id='line_1_27' title="bbox 285 2982 1342 3056; baseline -0.002 -15"><span class='ocrx_word' id='word_1_199' title='bbox 285 2987 351 3041; x_wconf 87' lang='lat' dir='ltr'>tatio</span> <span class='ocrx_word' id='word_1_200' title='bbox 364 3003 371 3039; x_wconf 91' lang='lat'>:</span> <span class='ocrx_word' id='word_1_201' title='bbox 384 2985 510 3056; x_wconf 76' lang='lat' dir='ltr'>Princeps</span> <span class='ocrx_word' id='word_1_202' title='bbox 521 2996 550 3036; x_wconf 89' lang='lat' dir='ltr'>et</span> <span class='ocrx_word' id='word_1_203' title='bbox 562 2982 661 3050; x_wconf 84' lang='lat' dir='ltr'>duces,</span> <span class='ocrx_word' id='word_1_204' title='bbox 675 2983 794 3056; x_wconf 82' lang='lat' dir='ltr'>paludati</span> <span class='ocrx_word' id='word_1_205' title='bbox 836 2983 931 3049; x_wconf 83' lang='lat' dir='ltr'>Hiero,</span> <span class='ocrx_word' id='word_1_206' title='bbox 943 2983 1118 3056; x_wconf 80' lang='lat' dir='ltr'>Syracusasms</span> <span class='ocrx_word' id='word_1_207' title='bbox 1129 3003 1186 3050; x_wconf 85' lang='lat' dir='ltr'>rex,</span> <span class='ocrx_word' id='word_1_208' title='bbox 1194 2986 1277 3039; x_wconf 91' lang='lat' dir='ltr'>mittit</span> <span class='ocrx_word' id='word_1_209' title='bbox 1287 2987 1342 3039; x_wconf 82' lang='lat' dir='ltr'>Ro-</span> 
     </span>
     <span class='ocr_line' id='line_1_28' title="bbox 286 3063 1342 3138; baseline -0.002 -18"><span class='ocrx_word' id='word_1_210' title='bbox 286 3067 366 3132; x_wconf 83' lang='lat' dir='ltr'>alias,</span> <span class='ocrx_word' id='word_1_211' title='bbox 389 3066 437 3138; x_wconf 75' lang='lat' dir='ltr'>qui</span> <span class='ocrx_word' id='word_1_212' title='bbox 464 3064 581 3120; x_wconf 84' lang='lat' dir='ltr'>rnilitum</span> <span class='ocrx_word' id='word_1_213' title='bbox 603 3063 711 3118; x_wconf 86' lang='lat' dir='ltr'>babitus</span> <span class='ocrx_word' id='word_1_214' title='bbox 733 3077 793 3129; x_wconf 86' lang='lat' dir='ltr'>est,</span> <span class='ocrx_word' id='word_1_215' title='bbox 835 3063 1061 3118; x_wconf 88' lang='lat' dir='ltr'>manisinterslia</span> <span class='ocrx_word' id='word_1_216' title='bbox 1074 3082 1183 3119; x_wconf 76' lang='lat' dir='ltr'>munera</span> <span class='ocrx_word' id='word_1_217' title='bbox 1195 3065 1342 3118; x_wconf 85' lang='lat' dir='ltr'>Victoriam</span> 
     </span>
     <span class='ocr_line' id='line_1_29' title="bbox 285 3142 1341 3216; baseline -0.004 -16"><span class='ocrx_word' id='word_1_218' title='bbox 285 3147 314 3200; x_wconf 90' lang='lat' dir='ltr'>in</span> <span class='ocrx_word' id='word_1_219' title='bbox 337 3145 435 3200; x_wconf 78' lang='lat' dir='ltr'>Senatu</span> <span class='ocrx_word' id='word_1_220' title='bbox 456 3145 511 3214; x_wconf 84' lang='lat' dir='ltr'>jam</span> <span class='ocrx_word' id='word_1_221' title='bbox 532 3157 595 3197; x_wconf 90' lang='lat' dir='ltr'>aunt</span> <span class='ocrx_word' id='word_1_222' title='bbox 614 3145 695 3214; x_wconf 71' lang='lat' dir='ltr'>togati</span> <span class='ocrx_word' id='word_1_223' title='bbox 709 3162 717 3196; x_wconf 77' lang='grc' dir='ltr'><strong><em>ε</em></strong></span> <span class='ocrx_word' id='word_1_224' title='bbox 732 3147 793 3216; x_wconf 81' lang='lat' dir='ltr'>jure</span> <span class='ocrx_word' id='word_1_225' title='bbox 836 3159 941 3196; x_wconf 84' lang='lat' dir='ltr'>auream</span> <span class='ocrx_word' id='word_1_226' title='bbox 966 3142 1057 3216; x_wconf 90' lang='lat' dir='ltr'>pondo</span> <span class='ocrx_word' id='word_1_227' title='bbox 1082 3161 1170 3197; x_wconf 76' lang='lat' dir='ltr'>mcxx.</span> <span class='ocrx_word' id='word_1_228' title='bbox 1194 3145 1260 3198; x_wconf 83' lang='lat' dir='ltr'>Eam</span> <span class='ocrx_word' id='word_1_229' title='bbox 1286 3145 1341 3210; x_wconf 90' lang='lat' dir='ltr'>illi,</span> 
     </span>
     <span class='ocr_line' id='line_1_30' title="bbox 285 3222 1343 3298; baseline -0.003 -18"><span class='ocrx_word' id='word_1_230' title='bbox 285 3245 349 3298; x_wconf 72' lang='lat' dir='ltr'>ergo</span> <span class='ocrx_word' id='word_1_231' title='bbox 361 3223 477 3280; x_wconf 82' lang='lat' dir='ltr'>vicissim</span> <span class='ocrx_word' id='word_1_232' title='bbox 494 3224 582 3289; x_wconf 83' lang='lat' dir='ltr'>curia,</span> <span class='ocrx_word' id='word_1_233' title='bbox 597 3222 661 3278; x_wconf 78' lang='lat' dir='ltr'>aliua</span> <span class='ocrx_word' id='word_1_234' title='bbox 682 3223 791 3295; x_wconf 72' lang='lat' dir='ltr'>quieta,</span> <span class='ocrx_word' id='word_1_235' title='bbox 836 3222 1343 3296; x_wconf 76' lang='lat' dir='ltr'>omenqueaccipiunt‚sedemqueDivu</span> 
     </span>
     <span class='ocr_line' id='line_1_31' title="bbox 286 3298 1342 3376; baseline -0.004 -17"><span class='ocrx_word' id='word_1_236' title='bbox 286 3307 354 3360; x_wconf 80' lang='lat' dir='ltr'>sulse</span> <span class='ocrx_word' id='word_1_237' title='bbox 367 3303 499 3376; x_wconf 87' lang='lat' dir='ltr'>paludatas</span> <span class='ocrx_word' id='word_1_238' title='bbox 511 3304 617 3357; x_wconf 86' lang='lat' dir='ltr'>militat.</span> <span class='ocrx_word' id='word_1_239' title='bbox 836 3298 918 3367; x_wconf 87' lang='lat' dir='ltr'>dant,</span> <span class='ocrx_word' id='word_1_240' title='bbox 934 3300 1024 3356; x_wconf 84' lang='lat' dir='ltr'>dicant</span> <span class='ocrx_word' id='word_1_241' title='bbox 1047 3302 1192 3375; x_wconf 76' lang='lat' dir='ltr'>Capitolium</span> <span class='ocrx_word' id='word_1_242' title='bbox 1205 3344 1213 3367; x_wconf 92' lang='lat'>,</span> <span class='ocrx_word' id='word_1_243' title='bbox 1234 3305 1342 3374; x_wconf 79' lang='lat' dir='ltr'>templum</span> 
     </span>
    </p>

    <p class='ocr_par' dir='ltr' id='par_1_15' title="bbox 284 3380 1344 4173">
     <span class='ocr_line' id='line_1_32' title="bbox 327 3380 1342 3454; baseline -0.003 -17"><span class='ocrx_word' id='word_1_244' title='bbox 327 3385 393 3452; x_wconf 78' lang='lat'><strong>⁵96.</strong></span> <span class='ocrx_word' id='word_1_245' title='bbox 405 3383 603 3454; x_wconf 74' lang='lat' dir='ltr'>lmpabdasae.</span> <span class='ocrx_word' id='word_1_246' title='bbox 615 3380 793 3434; x_wconf 87' lang='lat' dir='ltr'>Paludatueu·</span> <span class='ocrx_word' id='word_1_247' title='bbox 835 3380 902 3434; x_wconf 80' lang='lat' dir='ltr'>Jou&#39;s</span> <span class='ocrx_word' id='word_1_248' title='bbox 918 3381 951 3434; x_wconf 91' lang='lat'>0.</span> <span class='ocrx_word' id='word_1_249' title='bbox 965 3382 1003 3434; x_wconf 90' lang='grc' dir='ltr'>Μ.</span> <span class='ocrx_word' id='word_1_250' title='bbox 1015 3385 1040 3434; x_wconf 86' lang='lat' dir='ltr'>iat</span> <span class='ocrx_word' id='word_1_251' title='bbox 1050 3403 1079 3434; x_wconf 81' lang='lat' dir='ltr'>eu</span> <span class='ocrx_word' id='word_1_252' title='bbox 1090 3403 1145 3436; x_wconf 78' lang='lat' dir='ltr'>arus</span> <span class='ocrx_word' id='word_1_253' title='bbox 1155 3382 1220 3436; x_wconf 77' lang='lat' dir='ltr'>urbis</span> <span class='ocrx_word' id='word_1_254' title='bbox 1227 3383 1342 3434; x_wconf 72' lang='lat' dir='ltr'>Romanus</span> 
     </span>
     <span class='ocr_line' id='line_1_33' title="bbox 285 3459 1342 3534; baseline -0.008 -16"><span class='ocrx_word' id='word_1_255' title='bbox 285 3478 343 3518; x_wconf 90' lang='lat' dir='ltr'>tuan</span> <span class='ocrx_word' id='word_1_256' title='bbox 355 3475 396 3516; x_wconf 88' lang='lat' dir='ltr'>eat</span> <span class='ocrx_word' id='word_1_257' title='bbox 410 3462 489 3516; x_wconf 78' lang='lat' dir='ltr'>sestis</span> <span class='ocrx_word' id='word_1_258' title='bbox 499 3462 612 3527; x_wconf 71' lang='lat' dir='ltr'>Martia,</span> <span class='ocrx_word' id='word_1_259' title='bbox 622 3479 670 3514; x_wconf 86' lang='lat' dir='ltr'>seu</span> <span class='ocrx_word' id='word_1_260' title='bbox 681 3461 792 3514; x_wconf 87' lang='lat' dir='ltr'>bellato-</span> <span class='ocrx_word' id='word_1_261' title='bbox 835 3471 963 3524; x_wconf 76' lang='lat' dir='ltr'>sacratam,</span> <span class='ocrx_word' id='word_1_262' title='bbox 971 3459 1342 3534; x_wconf 75' lang='lat' dir='ltr'>uolantem‚pmpitiumque,fir·</span> 
     </span>
     <span class='ocr_line' id='line_1_34' title="bbox 284 3538 1342 3613; baseline -0.002 -16"><span class='ocrx_word' id='word_1_263' title='bbox 284 3563 346 3598; x_wconf 84' lang='lat' dir='ltr'>roua</span> <span class='ocrx_word' id='word_1_264' title='bbox 360 3541 480 3613; x_wconf 79' lang='lat' dir='ltr'>propria.</span> <span class='ocrx_word' id='word_1_265' title='bbox 495 3541 562 3594; x_wconf 81' lang='lat' dir='ltr'>Aula</span> <span class='ocrx_word' id='word_1_266' title='bbox 574 3538 716 3612; x_wconf 87' lang='lat' dir='ltr'>paludata,</span> <span class='ocrx_word' id='word_1_267' title='bbox 728 3541 794 3611; x_wconf 91' lang='lat' dir='ltr'>quia</span> <span class='ocrx_word' id='word_1_268' title='bbox 836 3558 897 3592; x_wconf 83' lang='lat' dir='ltr'>mam</span> <span class='ocrx_word' id='word_1_269' title='bbox 918 3561 947 3592; x_wconf 78' lang='lat' dir='ltr'>as</span> <span class='ocrx_word' id='word_1_270' title='bbox 969 3542 1076 3595; x_wconf 78' lang='lat' dir='ltr'>stabilem</span> <span class='ocrx_word' id='word_1_271' title='bbox 1095 3544 1152 3610; x_wconf 82' lang='lat' dir='ltr'>sore</span> <span class='ocrx_word' id='word_1_272' title='bbox 1166 3543 1255 3612; x_wconf 79' lang='lat' dir='ltr'>populo</span> <span class='ocrx_word' id='word_1_273' title='bbox 1273 3541 1342 3595; x_wconf 82' lang='lat' dir='ltr'>Rom.</span> 
     </span>
     <span class='ocr_line' id='line_1_35' title="bbox 284 3618 1342 3695; baseline -0.004 -19"><span class='ocrx_word' id='word_1_274' title='bbox 284 3621 441 3695; x_wconf 79' lang='lat' dir='ltr'>paludatum</span> <span class='ocrx_word' id='word_1_275' title='bbox 450 3620 531 3674; x_wconf 83' lang='lat' dir='ltr'>bsbet</span> <span class='ocrx_word' id='word_1_276' title='bbox 537 3621 737 3690; x_wconf 82' lang='lat' dir='ltr'>Imperatorem,</span> <span class='ocrx_word' id='word_1_277' title='bbox 746 3640 793 3674; x_wconf 87' lang='lat' dir='ltr'>seu</span> <span class='ocrx_word' id='word_1_278' title='bbox 837 3632 977 3690; x_wconf 83' lang='lat' dir='ltr'>sperantes.</span> <span class='ocrx_word' id='word_1_279' title='bbox 993 3621 1055 3674; x_wconf 78' lang='lat' dir='ltr'>Huc</span> <span class='ocrx_word' id='word_1_280' title='bbox 1070 3623 1146 3686; x_wconf 84' lang='lat' dir='ltr'>satis,</span> <span class='ocrx_word' id='word_1_281' title='bbox 1159 3633 1241 3692; x_wconf 83' lang='lat' dir='ltr'>puto,</span> <span class='ocrx_word' id='word_1_282' title='bbox 1255 3618 1342 3672; x_wconf 84' lang='lat' dir='ltr'>decla·</span> 
     </span>
     <span class='ocr_line' id='line_1_36' title="bbox 284 3698 1343 3772; baseline -0.009 -12"><span class='ocrx_word' id='word_1_283' title='bbox 284 3698 602 3760; x_wconf 75' lang='lat' dir='ltr'>talivesteiudntnm.1d</span> <span class='ocrx_word' id='word_1_284' title='bbox 615 3700 702 3770; x_wconf 64' lang='lat' dir='ltr'>arguit</span> <span class='ocrx_word' id='word_1_285' title='bbox 713 3700 793 3754; x_wconf 76' lang='lat' dir='ltr'>etiam</span> <span class='ocrx_word' id='word_1_286' title='bbox 836 3713 910 3765; x_wconf 86' lang='lat' dir='ltr'>rant,</span> <span class='ocrx_word' id='word_1_287' title='bbox 927 3718 1006 3771; x_wconf 86' lang='lat' dir='ltr'>quam</span> <span class='ocrx_word' id='word_1_288' title='bbox 1018 3720 1145 3772; x_wconf 79' lang='lat' dir='ltr'>pompam,</span> <span class='ocrx_word' id='word_1_289' title='bbox 1160 3718 1220 3771; x_wconf 74' lang='lat' dir='ltr'>ques</span> <span class='ocrx_word' id='word_1_290' title='bbox 1235 3703 1343 3752; x_wconf 74' lang='lat' dir='ltr'>sacraria</span> 
     </span>
     <span class='ocr_line' id='line_1_37' title="bbox 285 3780 1302 3852; baseline -0.009 -12"><span class='ocrx_word' id='word_1_291' title='bbox 285 3786 381 3840; x_wconf 86' lang='lat' dir='ltr'>miram</span> <span class='ocrx_word' id='word_1_292' title='bbox 397 3783 468 3835; x_wconf 87' lang='lat' dir='ltr'>inter</span> <span class='ocrx_word' id='word_1_293' title='bbox 488 3791 577 3851; x_wconf 73' lang='lat' dir='ltr'>togam</span> <span class='ocrx_word' id='word_1_294' title='bbox 595 3791 623 3832; x_wconf 86' lang='lat' dir='ltr'>et</span> <span class='ocrx_word' id='word_1_295' title='bbox 638 3797 710 3832; x_wconf 85' lang='lat' dir='ltr'>arma</span> <span class='ocrx_word' id='word_1_296' title='bbox 731 3798 794 3832; x_wconf 89' lang='lat' dir='ltr'>cou-</span> <span class='ocrx_word' id='word_1_297' title='bbox 836 3791 908 3832; x_wconf 76' lang='lat' dir='ltr'>cutus</span> <span class='ocrx_word' id='word_1_298' title='bbox 915 3783 1015 3849; x_wconf 79' lang='lat' dir='ltr'>patriu&#39;t&#39;</span> <span class='ocrx_word' id='word_1_299' title='bbox 1027 3780 1072 3834; x_wconf 89' lang='lat' dir='ltr'>bic</span> <span class='ocrx_word' id='word_1_300' title='bbox 1082 3792 1160 3852; x_wconf 88' lang='lat' dir='ltr'>poeta</span> <span class='ocrx_word' id='word_1_301' title='bbox 1173 3780 1302 3832; x_wconf 87' lang='lat' dir='ltr'>nominet.</span> 
     </span>
     <span class='ocr_line' id='line_1_38' title="bbox 287 3856 1343 3933; baseline -0.007 -16"><span class='ocrx_word' id='word_1_302' title='bbox 287 3863 406 3917; x_wconf 80' lang='lat' dir='ltr'>cordiam</span> <span class='ocrx_word' id='word_1_303' title='bbox 417 3881 425 3916; x_wconf 75' lang='grc' dir='ltr'><em>τ</em></span> <span class='ocrx_word' id='word_1_304' title='bbox 441 3859 655 3933; x_wconf 81' lang='lat' dir='ltr'>nam&#39;prineeps‚</span> <span class='ocrx_word' id='word_1_305' title='bbox 668 3859 716 3931; x_wconf 84' lang='lat' dir='ltr'>qui</span> <span class='ocrx_word' id='word_1_306' title='bbox 725 3859 794 3912; x_wconf 85' lang='lat' dir='ltr'>solet</span> <span class='ocrx_word' id='word_1_307' title='bbox 877 3859 940 3912; x_wconf 79' lang='lat'><strong>603.</strong></span> <span class='ocrx_word' id='word_1_308' title='bbox 948 3859 999 3912; x_wconf 88' lang='lat' dir='ltr'>Per</span> <span class='ocrx_word' id='word_1_309' title='bbox 1010 3863 1076 3912; x_wconf 80' lang='lat' dir='ltr'>uiam</span> <span class='ocrx_word' id='word_1_310' title='bbox 1087 3859 1187 3913; x_wconf 72' lang='lat' dir='ltr'>Sacrum</span> <span class='ocrx_word' id='word_1_311' title='bbox 1198 3859 1269 3912; x_wconf 82' lang='lat' dir='ltr'>flexu</span> <span class='ocrx_word' id='word_1_312' title='bbox 1279 3856 1343 3911; x_wconf 84' lang='lat' dir='ltr'>dex·</span> 
     </span>
     <span class='ocr_line' id='line_1_39' title="bbox 286 3935 1344 4012; baseline -0.008 -17"><span class='ocrx_word' id='word_1_313' title='bbox 286 3961 343 3995; x_wconf 82' lang='lat' dir='ltr'>esse</span> <span class='ocrx_word' id='word_1_314' title='bbox 353 3937 509 4012; x_wconf 83' lang='lat' dir='ltr'>paludatus,</span> <span class='ocrx_word' id='word_1_315' title='bbox 525 3959 598 3994; x_wconf 86' lang='lat' dir='ltr'>nunc</span> <span class='ocrx_word' id='word_1_316' title='bbox 610 3951 681 3994; x_wconf 77' lang='lat' dir='ltr'>rests</span> <span class='ocrx_word' id='word_1_317' title='bbox 696 3956 793 3992; x_wconf 85' lang='lat' dir='ltr'>oonsu-</span> <span class='ocrx_word' id='word_1_318' title='bbox 837 3949 879 3990; x_wconf 84' lang='lat' dir='ltr'>tro</span> <span class='ocrx_word' id='word_1_319' title='bbox 891 3938 944 3992; x_wconf 88' lang='lat' dir='ltr'>itur</span> <span class='ocrx_word' id='word_1_320' title='bbox 956 3939 985 3992; x_wconf 89' lang='lat' dir='ltr'>in</span> <span class='ocrx_word' id='word_1_321' title='bbox 998 3939 1142 3994; x_wconf 80' lang='lat' dir='ltr'>Palatinam</span> <span class='ocrx_word' id='word_1_322' title='bbox 1153 3939 1285 3994; x_wconf 74' lang='lat' dir='ltr'>Cusanum</span> <span class='ocrx_word' id='word_1_323' title='bbox 1297 3935 1344 3988; x_wconf 90' lang='lat' dir='ltr'>do-</span> 
     </span>
     <span class='ocr_line' id='line_1_40' title="bbox 286 4017 1342 4092; baseline -0.006 -18"><span class='ocrx_word' id='word_1_324' title='bbox 286 4021 336 4076; x_wconf 84' lang='lat' dir='ltr'>lari</span> <span class='ocrx_word' id='word_1_325' title='bbox 355 4017 464 4074; x_wconf 86' lang='lat' dir='ltr'>indutas</span> <span class='ocrx_word' id='word_1_326' title='bbox 483 4033 541 4083; x_wconf 85' lang='lat' dir='ltr'>est,</span> <span class='ocrx_word' id='word_1_327' title='bbox 564 4017 694 4074; x_wconf 77' lang='lat' dir='ltr'>seduces</span> <span class='ocrx_word' id='word_1_328' title='bbox 711 4018 791 4072; x_wconf 73' lang='lat' dir='ltr'>uiam</span> <span class='ocrx_word' id='word_1_329' title='bbox 836 4035 910 4070; x_wconf 87' lang='lat' dir='ltr'>mutu</span> <span class='ocrx_word' id='word_1_330' title='bbox 924 4037 932 4072; x_wconf 78' lang='lat' dir='ltr'>a</span> <span class='ocrx_word' id='word_1_331' title='bbox 946 4019 975 4072; x_wconf 85' lang='lat' dir='ltr'>lai</span> <span class='ocrx_word' id='word_1_332' title='bbox 989 4033 1050 4074; x_wconf 85' lang='lat' dir='ltr'>suut</span> <span class='ocrx_word' id='word_1_333' title='bbox 1063 4022 1138 4074; x_wconf 78' lang='lat' dir='ltr'>lares</span> <span class='ocrx_word' id='word_1_334' title='bbox 1151 4021 1342 4092; x_wconf 75' lang='lat' dir='ltr'>Imperatorum</span> 
     </span>
     <span class='ocr_line' id='line_1_41' title="bbox 286 4097 915 4173; baseline -0.005 -21"><span class='ocrx_word' id='word_1_335' title='bbox 286 4100 439 4173; x_wconf 72' lang='lat' dir='ltr'>togatictttn</span> <span class='ocrx_word' id='word_1_336' title='bbox 448 4099 618 4152; x_wconf 67' lang='lat' dir='ltr'>&amp;nantibus</span> <span class='ocrx_word' id='word_1_337' title='bbox 631 4097 731 4152; x_wconf 87' lang='lat' dir='ltr'>sedent.</span> <span class='ocrx_word' id='word_1_338' title='bbox 832 4101 915 4164; x_wconf 75' lang='lat' dir='ltr'>patrii.</span> 
     </span>
    </p>
   </div>
   <div class='ocr_carea' id='block_1_4' title="bbox 0 0 1524 4900">
    <p class='ocr_par' dir='ltr' id='par_1_16' title="bbox 0 0 1524 4900">
     <span class='ocr_line' id='line_1_42' title="bbox 0 0 1524 4900; baseline 0 0"><span class='ocrx_word' id='word_1_339' title='bbox 0 0 1524 4900; x_wconf 95' lang='lat' dir='ltr'> </span> 
     </span>
    </p>
   </div>
  </div>
 </body>
</html>
