3034 4900
281 441 357 515 306
384 445 460 513 CL.
489 443 792 513 CLAUDIANI
819 446 1006 513 XXXIX.
1034 445 1190 512 EPIST.
1219 447 1246 512 1.

278 575 409 647 Scilicet
423 577 563 672 egregiis
579 570 741 644 ornabere
757 578 866 647 victor
881 572 1015 672 opimis!

279 687 390 752 lrruat
406 686 442 750 in
457 684 593 751 miseros
609 697 749 777 cognata
766 685 913 777 potentia
931 677 1033 752 cives!
1315 715 1342 751 ες

329 789 451 859 Audiat
467 789 533 857 hoc
548 814 725 859 commuue
743 789 866 876 solum,
883 789 1045 884 longeque
1063 789 1181 857 carinis

277 895 366 964 Nota
383 895 527 981 Pharos,
544 895 742 990 flentemque
762 896 913 966 attollens
933 897 1062 991 gurgite
1081 894 1211 963 vultum
1251 969 1255 990 Ι

277 1002 402 1069 Nostra
419 1017 531 1097 gemat
543 1001 638 1071 Nilus
656 1006 840 1073 numerosis
858 1003 973 1072 funera
992 1003 1081 1097 ripis.

319 1183 364 1245 ⁵4.
383 1182 497 1248 Scilicet,
514 1183 624 1235 verbum
638 1183 731 1238 irouiae
743 1203 787 1238 ec·
831 1195 919 1239 cutum
936 1182 969 1236 ad
988 1202 1016 1236 v.
1036 1202 1080 1238 ιο.
1096 1214 1136 1224 --
1148 1181 1341 1253 Cogitationem

277 1261 569 1333 commodamuvirg.
582 1265 703 1329 AEu.1V‚
715 1265 786 1336 379:
832 1284 881 1336 ego
897 1277 999 1317 tantum
1015 1260 1047 1314 ad
1062 1261 1153 1335 patric
1168 1267 1344 1318 communita·

281 1367 292 1388 ι
307 1341 410 1395 Scilicet
421 1342 443 1394 is
455 1342 564 1412 Superis
574 1343 650 1395 labor
661 1346 715 1396 est!
732 1371 744 1392 ι
832 1357 886 1396 tem
893 1345 995 1396 refero:
1007 1355 1123 1412 potestas
1132 1341 1249 1412 ejusdem
1256 1345 1342 1414 gentis

315 1422 439 1474 sutrino
446 1422 551 1492 colligas
558 1436 697 1493 cognatum
707 1424 787 1477 fuisse
831 1436 859 1477 et
873 1423 1006 1496 ejusdem,
1025 1433 1055 1474 ut
1071 1422 1107 1473 ite
1128 1417 1227 1483 dicem,
1243 1441 1342 1494 cogua-

265 1497 787 1566 'UadrienoClaudiauum‚ethincforte
830 1505 927 1571 tionis,
953 1501 1051 1557 scilicet
1075 1501 1275 1568 Alexandr-inre,
1301 1504 1342 1556 in·

276 1578 525 1650 eiplusindultum3
534 1581 599 1635 hinc
608 1583 687 1635 etiam
697 1597 787 1637 nutem
831 1597 946 1638 sectetur
959 1601 1020 1636 suos
1037 1581 1122 1646 cives,
1135 1580 1221 1634 irrum
1235 1582 1264 1635 in
1279 1602 1342 1636 suos

280 1659 319 1711 vel
331 1657 458 1714 fiduciam
469 1662 512 1714 vel
525 1660 662 1715 audaciam
677 1662 787 1717 liberius
831 1665 909 1718 eires.
921 1665 973 1718 En.

276 1757 339 1793 cum
364 1739 423 1792 viro
447 1741 550 1812 agendi.
578 1740 787 1796 Alexandrinum
873 1743 916 1797 58.
936 1743 1074 1798 Numemsoe
1087 1741 1142 1794 Nili
1157 1745 1215 1814 ripa
1230 1755 1341 1814 propter

276 1815 385 1890 quidem
396 1833 542 1893 utrumque
550 1821 644 1889 fuisse,
654 1823 707 1894 jem
717 1819 787 1876 indi·
831 1825 1056 1896 septempliciter&
1067 1821 1131 1873 Nili.
