3034 4900
271 467 320 561 98
489 459 564 528 ou.
593 454 897 551 ennuntiat
925 454 1107 521 xxv111.
1185 506 1188 513 .

310 610 429 691 paribus
443 605 578 686 perieulis
593 600 716 661 liberata
730 600 823 659 ltalia.
838 606 875 659 At
886 598 927 659 ibi
942 600 1021 657 nulla
1037 600 1091 657 fuit
1104 598 1210 659 dueum
1222 602 1331 679 gloria,

309 725 376 765 nam
391 703 524 761 flammeo
536 695 646 768 imbre,
659 715 718 752 non
737 694 860 753 militum
877 694 940 752 telis
953 693 1050 753 hostes
1069 694 1135 751 etesi
1154 708 1237 768 sunt,
1252 711 1330 757 certe

310 794 483 877 Imperatori
496 792 547 871 pio
560 795 633 849 Jove
647 788 769 847 favente.
782 790 867 845 Nunc
881 806 950 845 vero
967 784 1081 845 laudem
1094 785 1223 844 humano
1237 786 1331 846 labori

309 890 364 948 Dei
377 886 491 945 auferre
508 882 626 950 nolunt,
640 892 727 955 atque
743 878 876 937 Honorio
888 891 973 957 parta
985 890 1028 936 est
1047 878 1146 937 laurus
1158 878 1265 937 sudore
1280 900 1329 939 so-

310 982 370 1040 ceri
381 975 560 1045 Stilichonis,
572 970 737 1041 aaa-355.
750 971 796 1029 Fit
807 970 923 1029 demum
934 975 1027 1031 Roma
1038 970 1189 1048 impatiens
1201 971 1330 1030 diuturni
1386 1038 1389 1047 Ι

310 1070 463 1141 desiderii,
478 1068 598 1145 ipsaque
613 1064 775 1141 principem
791 1061 973 1141 queribunda
989 1075 1075 1121 vocat
1089 1063 1197 1141 :gemit
1215 1083 1277 1123 sese
1292 1064 1330 1123 ab

310 1162 441 1224 Honorio
458 1169 671 1234 contemptam
686 1157 796 1233 quippe
814 1174 898 1232 quae,
919 1168 985 1231 post
998 1154 1126 1213 Africam
1140 1154 1330 1229 debellatam,

309 1250 490 1333 Imperatorii
506 1247 646 1325 triumphi
662 1259 830 1305 ornamenta
845 1258 995 1323 paraverat
1004 1268 1012 1317 3
1026 1245 1076 1303 sed
1094 1247 1207 1305 frustra.
1226 1253 1330 1325 Sperat

311 1346 426 1406 tandem
437 1351 575 1403 Getarum
586 1340 691 1397 victori
707 1359 767 1396 non
779 1337 887 1395 diutius
901 1336 1113 1416 dedignandam
1126 1338 1223 1397 sedem
1236 1339 1329 1409 hanc,

309 1458 397 1517 quam
407 1436 590 1493 incoluerunt
601 1430 741 1491 Antonini
756 1442 786 1488 et
800 1430 917 1501 Severi;
930 1428 1095 1498 sse-ass.
1109 1435 1230 1489 Romam
1243 1432 1330 1490 Prin-

311 1550 379 1609 ceps
388 1526 497 1588 blando
508 1526 618 1584 solatur
627 1523 742 1595 adfatu,
755 1520 882 1599 dicitque
893 1541 923 1579 se
934 1520 971 1579 ad
981 1522 1059 1581 illam
1073 1524 1242 1600 praemisisse
1254 1524 1330 1585 Stili-

311 1624 451 1692 chonem,
463 1621 585 1679 alterum
602 1617 782 1686 Honorium3
799 1626 828 1671 et
842 1612 931 1673 fusius
944 1627 1043 1671 narrat
1054 1632 1140 1691 quam
1152 1616 1266 1675 fortiter
1274 1636 1331 1695 pro

311 1738 341 1777 se
355 1735 415 1773 rem
428 1712 547 1791 gesserit
560 1708 701 1780 Stilicho,
715 1726 803 1785 quem
821 1704 972 1777 laudibus,
988 1727 1065 1765 nunc
1076 1726 1164 1785 supra
1179 1708 1329 1786 Tydiden,

311 1798 380 1866 mox
396 1824 485 1885 supra
505 1802 643 1861 Coclitem
658 1799 787 1870 extollit3
800 1798 965 1875 [μθ-493.
983 1798 1055 1857 Inde
1075 1802 1220 1858 Ravennae
1233 1820 1331 1861 muros

312 1918 456 1979 egressus,
470 1896 545 1955 facto
556 1914 611 1971 per
621 1892 749 1950 diversas
759 1888 847 1949 urbes
861 1890 978 1959 itinere,
990 1895 1111 1948 Romam
1121 1891 1245 1969 denique
1255 1893 1331 1963 adit;

312 2006 342 2051 at
353 1992 417 2062 illa,
432 1984 676 2067 quemadmodum
694 2002 820 2060 sponsa,
837 1996 965 2041 materna
983 1996 1104 2040 ornante
1122 2003 1226 2056 manu,
1240 2004 1331 2063 proco

313 2082 462 2163 pulchrior
475 2079 610 2157 adparet,
621 2075 662 2134 sic
675 2076 754 2133 omni
768 2076 908 2133 instructa
921 2074 1016 2147 cultu,
1028 2075 1164 2153 majorem
1182 2097 1212 2135 se
1227 2078 1332 2137 viden-

312 2178 379 2235 dam
394 2172 563 2253 imperatori
574 2188 628 2228 suo
643 2167 757 2227 obtulit.
772 2172 931 2226 Intrantem
947 2166 1033 2225 turba
1052 2168 1180 2246 undique
1197 2172 1331 2242 miratur;

309 2270 446 2347 juventus
457 2265 580 2323 exsultat
590 2263 653 2319 riso
662 2260 793 2341 principe
805 2277 933 2337 aequaevo
941 2282 949 2331 ;
958 2280 1040 2319 senes
1054 2282 1084 2320 se
1100 2263 1131 2321 in
1141 2262 1219 2322 hunc
1229 2265 1333 2324 vixisse

314 2360 390 2417 diem
401 2366 563 2434 gratantur,
574 2354 730 2430 mitemque
740 2352 861 2411 laudant
871 2354 1049 2425 Honorium,
1060 2356 1110 2431 qui
1121 2357 1199 2414 solus
1211 2358 1335 2416 vetuerit

314 2459 467 2512 Senatores
475 2466 593 2504 currum
601 2466 685 2504 suum
692 2445 811 2504 anteire.
820 2451 916 2519 Quum
927 2458 1019 2504 tamen
1028 2446 1197 2520 Eucherius,
1205 2450 1251 2506 cui
1256 2452 1334 2528 regia

315 2542 506 2619 undequaque
520 2539 617 2616 origo,
630 2539 678 2595 eui
689 2543 820 2615 Angusta
833 2557 930 2610 soror,
945 2537 1043 2594 ovanti
1061 2538 1142 2596 fratri
1162 2537 1333 2617 obsequium

314 2637 438 2695 militum
447 2630 605 2711 preberet,
613 2629 735 2707 jubente
745 2629 903 2690 Stilichone
915 2643 1007 2707 patre.
1019 2631 1117 2688 Puella
1132 2631 1161 2688 in
1173 2631 1333 2710 triumpha-

314 2732 371 2788 lem
384 2745 521 2805 pompam
537 2743 592 2802 pro
604 2724 704 2800 ignara
722 2735 803 2780 aetate
816 2733 927 2798 stupet,
943 2721 1140 2798 nutricemque
1156 2741 1242 2780 anum
1261 2743 1332 2781 con-

314 2820 418 2888 sultat,
433 2815 529 2875 omnia
546 2807 735 2892 quaecumque
755 2813 836 2873 videt
849 2811 1016 2891 prodigiosa
1031 2827 1152 2892 putans3
1166 2815 1331 2891 494—577.

314 2919 488 2990 Magnomm
500 2927 569 2966 sane
583 2907 746 2965 mercedem
764 2905 896 2965 laborum
917 2905 1068 2965 stilichoni
1086 2911 1214 2966 Fortuna
1228 2909 1332 2978 solvit,

315 3024 405 3083 quum
414 3001 517 3061 eodem
527 3019 615 3058 curru
624 3000 770 3071 invectus,
782 3017 921 3076 generum
930 2997 1154 3076 triumphantem
1163 3000 1333 3080 adspiceret,

315 3115 426 3158 memor
441 3113 538 3153 secum
552 3105 716 3169 temporum
729 3092 861 3162 illorum,
874 3089 980 3169 quihus
993 3091 1131 3149 infantem
1144 3095 1305 3152 Honorium
1318 3113 1333 3152 a

314 3207 398 3272 patre
410 3187 592 3246 commissum
601 3187 734 3262 suscepit.
746 3185 801 3244 Hic
811 3184 860 3242 ille
872 3197 914 3241 est
925 3203 1007 3263 puer,
1020 3184 1069 3260 qui
1078 3185 1113 3242 ad
1121 3190 1227 3244 Rostra
1233 3199 1334 3245 evocat

249 3327 254 3336 .
316 3282 456 3356 Quirites,
473 3291 502 3336 et
513 3291 642 3336 veterum
655 3277 786 3354 exempla
799 3289 955 3353 sequutus,
975 3297 1020 3333 res
1034 3277 1146 3354 imperii
1158 3292 1272 3337 senatus
1282 3279 1333 3360 ju-

315 3375 393 3433 dicio
404 3371 527 3448 subjicit.
540 3375 625 3429 Hune
640 3369 739 3447 patriis
751 3367 859 3426 laribus
872 3369 961 3425 refert
971 3368 1017 3426 via
1027 3387 1099 3427 vero
1110 3371 1228 3428 nomine
1238 3389 1332 3440 sacra3

314 3465 383 3524 huic
404 3465 482 3520 favet
498 3462 576 3539 vulgi
591 3460 764 3532 concordia;
780 3481 874 3538 neque
894 3481 972 3518 nunc
989 3460 1104 3520 venales
1123 3475 1189 3521 sunt
1207 3464 1331 3540 plausus.

240 3566 242 3569 ’
314 3559 550 3631 Multumnempe
558 3552 730 3629 sibicolligit
739 3553 844 3610 amon's
854 3550 997 3630 princeps,
1006 3554 1118 3629 quoties
1128 3554 1269 3631 populum
1279 3557 1333 3613 Sa·

314 3656 387 3712 lutat
397 3651 426 3707 in
438 3647 523 3706 Circo
538 3646 684 3705 sedentem
696 3674 703 3709 :
714 3645 766 3703 ubi
781 3664 838 3704 non
850 3646 917 3704 solis
928 3645 1009 3722 equis
1020 3659 1136 3718 eursus3
1148 3644 1198 3704 scd
1211 3659 1239 3704 et
1251 3647 1334 3705 multi

313 3743 376 3803 ludi
399 3737 609 3799 celebrantur:
631 3738 739 3796 scilicet
756 3737 890 3796 cohortes
909 3738 1027 3796 miscent
1043 3739 1159 3816 praelia,
1180 3740 1335 3818 variosque

313 3836 387 3892 inter
398 3843 494 3889 motus
506 3835 715 3909 Imperatorem
726 3829 850 3887 salutant
860 3851 868 3900 ;
880 3841 966 3907 atque
980 3830 1021 3888 ita
1032 3830 1177 3889 innoxiam
1188 3831 1257 3890 belli
1268 3834 1335 3892 ima·

313 3927 407 4004 ginem
419 3925 484 4002 paci
497 3923 548 3982 dat
559 3929 656 3983 Janus.
669 3922 728 3996 Qui
746 3921 864 3999 quidem
877 3921 937 3998 jam
954 3941 1061 3981 novum
1077 3923 1199 3982 feliciter
1219 3926 1334 4003 aperuit

312 4034 418 4075 annum
434 4015 512 4091 :jam
535 4019 628 4073 Roma
647 4014 677 4072 in
695 4034 755 4072 nno
774 4014 864 4074 cernit
880 4015 962 4074 Bruti
984 4015 1113 4076 trabeam
1136 4031 1166 4075 ct
1186 4029 1331 4095 sceptrum
