3034 4900
395 426 464 496 DE
491 428 546 497 vl
575 428 724 497 CONS.
752 426 995 501 HONORH.
1155 458 1225 533 ¹²9

165 562 326 653 Namque
341 562 429 629 inter
448 560 553 629 socias
570 562 656 630 acies
677 576 881 657 cognataque
901 566 995 659 signa

163 671 219 736 Ut
238 666 329 735 vinci
348 666 523 753 miserum,
537 690 718 762 numquam
738 668 855 738 vicisse
870 669 1038 741 decorum.

162 773 336 841 Restituat
352 773 497 865 priscum
512 796 573 866 per
591 788 625 841 te
641 773 711 866 jam
728 770 842 867 gloria
853 800 980 847 morem

161 878 308 963 Verior,
325 892 360 946 et
379 876 524 946 fructum
545 879 680 947 sincerae
699 877 804 949 laudis
824 882 867 949 ab
888 881 983 951 hoste

161 985 353 1053 Desuetum
369 983 438 1076 jam
455 982 555 1052 redde
569 984 667 1071 mihi,
681 985 842 1079 justisque
861 986 981 1057 furoris
1189 1015 1227 1061 os

159 1089 305 1158 Extemi
324 1086 436 1183 spoliis
449 1104 559 1158 sontes
577 1088 712 1160 absolve
727 1092 923 1187 triumphos.

161 1196 280 1284 Quem
300 1217 419 1289 precor
435 1194 479 1263 ad
498 1194 599 1264 finem
620 1196 760 1266 Laribus
780 1197 928 1290 sejuncta
944 1214 1088 1294 potestas

161 1298 329 1385 Exsultat,
346 1301 585 1395 imperiumque
601 1302 669 1371 suis
686 1327 707 1370 a
719 1302 851 1372 sedibus
869 1304 985 1374 errat?

161 1409 239 1476 Cur
259 1428 334 1473 mea
351 1430 426 1499 quae
441 1408 569 1476 cunctis
586 1406 731 1476 tribuere
745 1407 870 1478 Palatia
883 1435 1004 1480 nomen

159 1510 330 1607 Neglecto
344 1509 495 1605 squalent
515 1510 636 1582 senio?
654 1536 716 1582 nec
730 1514 877 1584 creditur
893 1516 983 1585 orbis
1082 1578 1100 1603 ,
1187 1547 1226 1589 m

159 1616 262 1687 lilino
278 1641 374 1710 posse
391 1616 482 1713 regi?
499 1618 644 1687 medium
662 1644 731 1688 non
750 1619 870 1690 deserit
884 1645 1041 1716 umquam

160 1721 245 1793 caeli
266 1722 411 1792 Phoebus
433 1724 512 1811 iter,
529 1724 628 1793 radiis
642 1738 752 1793 tamen
770 1727 880 1795 omnio
899 1726 1028 1797 lustrat.

160 1830 304 1924 Segnius
321 1852 364 1897 an
384 1843 512 1899 veteres
531 1832 653 1899 Istrum
673 1831 896 1928 Rhenumque
914 1835 1070 1903 tenebant

212 2026 283 2082 tor.
295 2019 380 2073 socias
394 2022 458 2071 acies
477 2030 625 2092 memeque
639 2019 674 2071 ri·
717 2020 966 2091 intelligatnrcaptis
977 2021 1172 2092 rolpoto-risnel
1184 2023 1229 2078 de-

160 2116 224 2168 0²³⁴,
237 2097 270 2151 id
280 2112 327 2163 est,
336 2100 466 2152 exercitus
471 2099 635 2169 conscriptos
642 2117 674 2153 ex
717 2099 799 2170 nique
809 2097 863 2153 dici
876 2112 965 2171 potest
976 2100 1113 2154 Honorius
1125 2102 1177 2155 hoc
1188 2104 1227 2157 fa·

160 2177 289 2247 patribus
300 2190 389 2230 contra
399 2177 483 2241 iilius,
497 2196 529 2231 ex
541 2178 603 2231 filiis
612 2197 675 2231 con·
718 2196 777 2231 cere
782 2178 878 2246 fultus,
894 2179 921 2231 h.
937 2198 960 2231 e.
974 2178 1080 2232 iunixus
1091 2192 1118 2233 et
1128 2182 1224 2240 elatus,

162 2268 206 2309 tre
220 2268 327 2327 patres,
341 2274 375 2308 ex
386 2257 513 2310 fratribus
524 2257 553 2310 in
567 2258 673 2324 frana,
716 2257 896 2328 metaphorice
911 2270 941 2309 ut
957 2257 1014 2311 Cic.
1030 2258 1110 2316 Offic.
1126 2261 1183 2325 111,
1198 2279 1223 2314 c.

161 2337 258 2407 quales
271 2348 332 2388 suut
343 2336 431 2389 civiles
446 2337 585 2403 exercitus,
597 2335 672 2391 ideo·
718 2355 752 2387 η
760 2374 769 2398 ,
786 2338 909 2406 Imperium
923 2336 1003 2407 gloria
1014 2337 1223 2404 fultum—De·

160 2432 217 2486 que
232 2416 346 2486 cognati.
716 2414 936 2488 suetun1,·quidam
948 2417 1072 2480 Desuetm
1081 2436 1136 2471 uon
1145 2419 1222 2474 mule.

203 2497 271 2558 403.
282 2497 411 2548 nauum.
424 2496 516 2550 Gloria
524 2497 621 2567 justior
630 2515 671 2549 re·
756 2502 821 2566 407.
833 2497 917 2558 Lares,
934 2497 961 2548 h.
974 2517 997 2550 e.
1010 2495 1104 2550 domus
1116 2517 1145 2550 ec
1155 2500 1222 2550 sedes

160 2575 250 2628 stituat
260 2576 383 2646 priscum
392 2593 496 2628 morem
504 2573 590 2628 laudis
601 2593 671 2647 que-
712 2577 838 2644 potestatis
844 2588 924 2646 atque
934 2575 1041 2646 imperii
1050 2577 1153 2629 romani
1166 2579 1221 2630 Ro·

160 2653 265 2720 rendae,
283 2653 430 2726 pugnando
451 2666 543 2708 contra
567 2655 670 2721 hostes,
714 2672 758 2707 ma
771 2667 849 2712 eum
864 2673 916 2725 qua
928 2655 1016 2708 aheese
1028 2667 1056 2708 et
1067 2656 1219 2710 reluteaesu·

161 2751 215 2786 nun
228 2747 324 2788 contr-a
338 2735 417 2787 eires.
714 2733 766 2784 lare
779 2751 834 2786 non
849 2731 936 2786 debet.

209 2815 277 2877 405.
304 2813 422 2866 Difficile
444 2825 485 2866 eet
508 2831 564 2866 non
588 2811 670 2866 modo
755 2819 821 2880 409.
835 2813 959 2864 Palatium
971 2831 1110 2866 romanum
1123 2833 1221 2868 nomen

160 2893 343 2958 constituere,
355 2891 421 2964 quid
431 2892 565 2963 scripserit
574 2904 670 2965 poets;
714 2892 851 2963 proprium
876 2903 938 2956 est,
967 2911 983 2944 a
1007 2911 1061 2964 quo
1087 2893 1221 2947 Palatinus

160 2970 300 3024 sedetiam
309 2970 498 3043 quevideatur
505 2971 671 3025 commodior
714 2989 790 3024 mons
807 2971 907 3034 dictum
923 2988 937 3021 a
951 2989 1005 3042 quo
1019 2984 1111 3042 postea
1125 2971 1220 3025 domus

160 3049 669 3104 lectio.Desententianonluboramus.
713 3069 805 3103 omnes
827 3051 1005 3120 Augustorum
1024 3051 1126 3118 ‚Palam
1149 3049 1220 3104 dicta

161 3129 260 3182 Posuit
277 3148 336 3182 eam
348 3130 405 3183 aliis
416 3149 523 3201 quoque
541 3130 615 3183 locis.
632 3131 671 3183 Ut
713 3143 783 3182 sunt.

160 3209 227 3274 XV,
246 3210 306 3272 430
314 3248 323 3274 ,
329 3212 395 3279 justo
409 3229 539 3281 magnoque
553 3210 669 3278 triumphu
754 3215 819 3282 άιι.Ι
828 3207 1019 3278 Solnunquam
1030 3205 1165 3278 egreditur
1175 3211 1221 3259 iter

161 3288 251 3341 Cirr'les
259 3288 354 3341 abolete
363 3301 441 3354 meas,
452 3302 479 3341 et
486 3289 587 3351 XXVI,
600 3287 668 3353 56η
711 3305 803 3353 suurn,
823 3305 896 3351 eam,
916 3303 975 3357 quse
993 3300 1102 3339 vocatur
1118 3287 1220 3358 eclipti-

160 3367 246 3420 otsmt
261 3370 381 3441 perirapir
398 3372 471 3420 amris
487 3369 610 3420 Exarmare
630 3387 670 3419 uo·
712 3383 777 3420 cem.
792 3365 855 3418 Hae
868 3363 1034 3436 splendidior
1049 3365 1131 3419 fuerit
1146 3385 1221 3420 com·

157 3448 199 3510 ssu
201 3487 278 3502 .....
289 3449 411 3520 Alpium
420 3448 510 3518 gladiis
522 3447 614 3500 abolete
619 3467 668 3516 pu·
712 3445 829 3516 paratio,
847 3445 870 3498 si
887 3456 1005 3498 sumatur
1018 3444 1161 3500 Philoieica
1175 3445 1220 3498 illa

163 3525 249 3581 dorm.
265 3528 402 3582 Formulae
416 3527 521 3580 Abolere
538 3540 607 3578 notos
624 3525 668 3578 vel
711 3524 866 3597 hypothesis
876 3523 974 3577 desole
987 3525 1015 3577 iu
1026 3523 1114 3578 medio
1125 3526 1218 3578 Plane·

162 3605 287 3672 padam,
299 3609 429 3660 Exeruere
443 3607 526 3673 nefas,
538 3605 669 3660 Absolrere
711 3616 798 3657 terum
811 3603 977 3676 quiescente,
989 3621 1004 3656 u
1018 3623 1069 3675 qua
1083 3623 1139 3655 non
1155 3604 1219 3656 ulie-

166 3686 383 3752 !riwphonoates,
395 3685 669 3740 eamdemomnesrim
713 3702 777 3736 num
789 3684 869 3736 fuisse
879 3685 1021 3746 Nostrum,
1032 3681 1064 3736 ud
1078 3684 1105 3746 1,
1121 3699 1146 3748 1,
1162 3700 1220 3734 mo·

164 3759 279 3827 hahent,
296 3785 391 3838 nempe
410 3766 508 3830 iacere,
528 3778 559 3818 ut
577 3783 669 3818 eurum
712 3765 828 3817 unimus.

164 3857 257 3892 rerum
270 3843 387 3898 homines
399 3845 595 3898 obliviscantur.
608 3845 669 3897 Jam
754 3849 820 3906 41¹2.
828 3842 942 3901 rtatim
952 3851 982 3892 ut
988 3838 1112 3891 zodiacus
1123 3850 1220 3894 eterna
1239 3905 1242 3914 ,

162 3918 192 3970 in
202 3919 257 3973 hoc
267 3936 356 3976 nostro
364 3925 426 3977 loco
436 3923 505 3976 illud
513 3924 571 3976 fieri
582 3936 670 3995 potest
712 3935 750 3974 est
772 3919 865 3973 Phoehi
886 3937 933 3971 seu
957 3916 1019 3969 solis
1040 3917 1159 3982 mansio,
1183 3923 1220 3974 sic

161 3999 204 4052 vei
218 4005 320 4073 suaqotrk
332 4006 420 4074 spoliis,
435 4004 464 4056 h.
478 4023 501 4056 e.
515 4003 612 4074 partis,
625 4021 669 4056 ca-
712 4003 797 4054 noma
812 4009 906 4052 aterm
920 4015 975 4048 esse
989 3994 1068 4050 dehet
1081 3996 1155 4051 sedes
1170 4001 1223 4052 lm·

161 4079 213 4145 ptis
228 4081 263 4133 ab
280 4082 371 4151 hoete;
387 4084 431 4140 vel
441 4086 515 4154 justa
531 4083 622 4152 spoliis,
637 4093 670 4136 ut
712 4076 856 4152 pernoxii,
870 4077 916 4147 qui
928 4076 967 4130 sol
980 4089 1019 4129 est
1031 4089 1167 4130 terrarum.

214 4191 262 4254 Il.
552 4208 557 4216 ⁴
1040 4207 1063 4278 9
