3034 4900
295 453 343 524 53
520 453 613 524 ·CL.
642 451 930 520 CLAUDIANI
957 450 1102 517 XXVI.

293 586 389 653 More
410 597 616 678 pererratum
636 584 765 677 campi:
783 583 886 676 gemit
904 582 997 649 irrita
1016 582 1141 675 Tempe

291 687 486 772 Thessalus,
506 703 540 758 et
560 688 692 758 domitis
710 689 837 756 irrisam
856 688 1006 756 cautibus
1024 689 1150 755 OEten.

294 795 551 890 Sperchiusque,
569 809 603 864 et
620 794 802 888 virginibus
824 792 962 866 dilectus
981 793 1147 886 Enipeus,

292 901 484 971 Barbaricas
506 900 615 970 lavere
633 924 745 969 comas
757 924 766 966 τ
780 923 850 967 non
867 899 974 993 objice
989 899 1084 967 Pindi

292 1008 419 1076 Servati
433 1010 602 1102 Dryopes3
620 1029 682 1075 nec
704 1005 836 1075 nubifer
855 1007 950 1074 Actia
970 1006 1051 1072 texit

292 1115 406 1182 Litora
427 1116 610 1182 Leucates:
631 1113 725 1206 ipsae,
742 1134 809 1206 qua
824 1111 939 1180 durius
958 1109 1035 1179 olim

292 1221 493 1288 Restiterant
511 1218 637 1306 Medis,
659 1219 767 1313 primo
787 1219 961 1288 conamine
981 1230 1088 1310 ruptae

291 1317 535 1419 Thermopylae:
553 1323 672 1394 vallata
691 1327 774 1393 mari
794 1325 942 1394 Scironia
964 1347 1081 1416 rupes,

291 1433 336 1498 Et
353 1430 419 1499 duo
441 1432 598 1500 continuo
614 1443 815 1500 connectens
829 1454 959 1525 equore
977 1452 1075 1496 muro
1141 1470 1146 1479 .

290 1537 455 1622 Isthmos,
474 1551 508 1606 et
526 1538 658 1632 angusti
671 1551 852 1630 patuerunt
868 1535 1011 1605 claustra
1028 1532 1169 1602 Lechaei.
1318 1569 1369 1608 ψ.

332 1721 384 1776 ιθι.
394 1723 479 1786 Irrita,
487 1723 638 1794 profanata,
646 1741 732 1796 quum
741 1743 801 1776 san·
844 1723 919 1793 quasi
931 1721 1064 1775 diceretur
1077 1717 1165 1772 aditns
1183 1716 1294 1771 calidas.
1308 1719 1362 1772 Est

291 1799 368 1854 ntitas
385 1801 429 1854 illa
446 1802 549 1872 poetica
563 1816 591 1856 et
606 1803 730 1857 fabularis
744 1822 800 1854 non
845 1814 933 1854 autem
959 1819 1036 1854 mons
1061 1798 1191 1852 Graeciam
1213 1796 1360 1864 dirimens,

291 1881 386 1951 magia,
400 1899 479 1951 quam
490 1895 593 1935 montes
603 1896 630 1936 et
640 1883 720 1947 silva,
729 1883 801 1934 tueri
846 1893 875 1934 ιιι
896 1881 1054 1952 apenninus
1072 1877 1193 1930 ltaliam:
1213 1877 1293 1948 hujus
1308 1897 1359 1930 an·

292 1960 337 2013 illa
345 1960 799 2032 posset-*Gentvulpgsms'tetiam
844 1956 1360 2032 gnstissLacasdssmoniorumcnmldar-

293 2040 351 2092 Bas.
361 2057 442 2110 marg.
845 2039 928 2093 donia
938 2057 1043 2111 pugna,
1058 2051 1085 2090 et
1097 2035 1223 2090 Leonidas
1234 2037 1304 2107 regis
1317 2038 1358 2089 in-

336 2119 398 2173 183.
408 2119 529 2190 Enipeus,
539 2120 679 2174 Thessalia
687 2119 799 2183 fluvius,
846 2120 927 2172 teritn
939 2119 1064 2171 celebres.
1079 2119 1119 2169 De
1131 2116 1184 2168 hoc
1205 2128 1296 2169 autem
1314 2117 1356 2169 in-

291 2199 463 2271 ohaquarnm
473 2212 499 2252 et
509 2199 802 2254 litorumamoenitatem
845 2217 934 2270 mssa
958 2197 1073 2262 Alarici,
1107 2197 1164 2249 hac
1195 2195 1356 2267 Ennapins:

292 2279 472 2349 frequentatus
489 2279 622 2350 Nymphis
640 2281 718 2332 etiam
734 2281 803 2332 anti·
846 2271 963 2350 desipias<
974 2272 1295 2348 ιχονιοιςβαρίάροοςδιὰ
1305 2282 1355 2327 τῶν

294 2358 371 2427 quis,
398 2359 426 2410 in
454 2358 551 2428 quihus
572 2359 645 2427 Tyro
670 2357 803 2412 Salmonei
846 2365 927 2411 πυλῶν
939 2361 1058 2427 παρῆλθιι
1076 2357 1159 2426 ὥσπερ
1173 2352 1218 2406 διὰ
1234 2351 1357 2420 σταδίαν,
1381 2380 1385 2384 “

292 2435 362 2502 h'lia,
383 2437 425 2489 cui
444 2437 493 2489 suh
507 2436 603 2507 Enipei
618 2437 706 2509 specie
724 2439 802 2491 obre·
846 2439 888 2491 καί
908 2438 1057 2509 ἰππιιρότου
1080 2432 1182 2489 παιδίου
1200 2437 1301 2505 τρίχων.
1314 2466 1357 2476 -

293 2516 346 2585 psit
367 2514 515 2586 Neptunus.
529 2515 628 2568 Fabula
649 2528 687 2569 est
704 2512 754 2569 Od.
767 2525 782 2568 λ
794 2556 802 2583 ,
846 2516 955 2570 Scironia
965 2536 974 2569 :
983 2518 1011 2569 in
1024 2517 1111 2569 Attica
1118 2515 1235 2586 regione.
1242 2514 1293 2565 Hic
1304 2513 1354 2566 ha-

294 2594 356 2657 234.
372 2594 414 2649 Cf.
429 2594 536 2651 Lacian.
548 2594 615 2648 Dial.
629 2594 707 2648 Mari.
719 2597 803 2662 xm,
845 2597 947 2650 hitabat
965 2594 1079 2649 crudelis
1099 2594 1144 2647 ille
1160 2595 1228 2646 latro
1242 2594 1354 2657 Sciron,

292 2685 358 2725 tom.
373 2674 402 2738 1,
418 2690 446 2743 p.
464 2672 528 2725 320.
846 2678 921 2746 cnjus
940 2692 1013 2741 ossa,
1026 2693 1041 2727 a
1055 2675 1160 2727 Theseo
1175 2674 1205 2726 in
1218 2690 1290 2727 mare
1312 2670 1356 2725 de

337 2754 401 2813 184.
421 2753 464 2805 ab
482 2752 614 2821 objiciendo
626 2754 744 2825 primum
759 2756 802 2806 ob-
843 2756 931 2826 jecta,
944 2756 972 2808 in
984 2773 1044 2807 saxa
1058 2754 1198 2807 coaluissse
1211 2751 1346 2805 dicuntur.

288 2834 333 2901 jeae
347 2828 452 2883 dietus:
466 2828 579 2889 deinde,
596 2844 627 2884 ut
640 2833 670 2884 in
683 2834 799 2903 naiJ'lcere,
886 2838 950 2903 189.
970 2834 1010 2886 Ut
1028 2834 1130 2904 antiqui
1141 2830 1283 2903 perfodere
1293 2832 1356 2883 lsth·

293 2908 410 2979 abjicere,
424 2908 561 2977 caeteris‚i
579 2912 654 2983 prius
671 2915 801 2985 ejectum,
845 2932 921 2966 mum
936 2912 970 2965 ad
982 2911 1124 2983 navigandi
1138 2910 1356 2965 commoditatem

294 2986 367 3061 quod
390 2989 434 3043 hic
459 2993 520 3060 jure
541 3010 605 3055 suo,
630 3003 657 3044 et
680 2993 801 3063 exemplo
844 2993 932 3046 conati
940 3004 1002 3045 sunt
1011 2990 1167 3064 aliquoties;
1180 2991 1217 3044 ita
1225 2990 1357 3043 recentio-

293 3070 470 3141 optimorum,
487 3083 593 3125 mrocat
607 3070 777 3125 Claudianus.
844 3072 920 3125 ribos
944 3090 1015 3125 carte
1041 3073 1092 3126 fuit
1118 3071 1176 3124 illas
1202 3070 1355 3141 angustias.

344 3152 408 3203 186.
431 3152 563 3215 laeoeatm
587 3153 802 3223 promontorium
844 3152 928 3205 muris
945 3152 979 3206 ab
997 3170 1051 3203 uno
1070 3148 1130 3203 sinn
1146 3149 1181 3202 ad
1196 3150 1325 3211 alteram,
1342 3169 1357 3202 a

292 3229 802 3303 Acarnaninsicdictumapetrisalhis,
844 3244 926 3301 portu
952 3230 1063 3284 menso
1085 3228 1120 3283 ad
1142 3229 1354 3282 Cenchreensem

291 3309 390 3371 λευκός,
412 3308 510 3362 albus:
536 3315 596 3363 texit
614 3324 719 3375 autem,
738 3310 802 3382 qnia
846 3309 949 3375 ductis,
969 3310 1082 3363 munire.
1102 3309 1161 3361 Hoc
1183 3309 1279 3361 factum
1304 3308 1354 3360 snh

292 3404 372 3457 snpra
391 3399 438 3439 est.
458 3389 594 3441 Actiacum
612 3391 676 3443 litua
690 3390 801 3461 dugenti
845 3391 978 3444 Valeriani
999 3388 1111 3460 imperio
1133 3388 1215 3441 refert
1232 3387 1354 3439 Zosimus

292 3465 321 3518 in
334 3466 480 3518 Antonium
492 3480 520 3519 et
533 3468 699 3539 Cleopatram
717 3471 800 3524 victo·
845 3472 874 3535 l,
888 3488 937 3539 ²9³
953 3469 1140 3524 llslonosssioses
1151 3468 1191 3519 τὸν
1205 3457 1291 3535 ἰσθμὸν
1303 3462 1355 3517 dn·

292 3545 331 3602 ria
351 3544 520 3599 celebratum.
539 3578 578 3589 —
596 3548 704 3612 Dorias,
718 3549 801 3620 perti-
844 3550 956 3617 τιίχιζοι.
971 3549 1029 3601 Hoc
1041 3565 1120 3601 muro
1132 3545 1192 3599 freti
1206 3562 1264 3597 suas
1273 3544 1356 3598 nrbes

292 3624 401 3690 uanius,
414 3624 570 3695 metaphora
581 3627 614 3678 ah
629 3628 686 3693 his,
700 3646 758 3700 quse
771 3630 801 3681 in
845 3628 1039 3682 sinemoenihus
1047 3628 1191 3698 reliquere,
1202 3620 1277 3694 quod
1286 3619 1357 3678 male

292 3704 334 3756 via
348 3702 447 3776 agenda
464 3722 512 3775 per
528 3706 623 3777 Alpes,
644 3707 673 3759 in
690 3708 800 3760 cunicu·
844 3708 896 3760 illis
912 3727 962 3781 per
979 3708 1076 3760 Alarici
1097 3702 1277 3776 expeditiones
1299 3722 1357 3757 ces·

292 3782 324 3834 lis
335 3784 399 3837 item
408 3784 567 3837 militaribus
573 3784 615 3837 vel
624 3786 725 3839 bellicis
733 3786 801 3839 effo-
844 3788 894 3849 sit,
907 3800 1032 3841 narrante
1040 3785 1135 3841 eodem
1146 3782 1266 3841 zosimo»
1278 3784 1315 3849 V,
1330 3788 1358 3849 6,

292 3858 408 3924 diendn,
420 3864 591 3935 objiciuntur.
843 3885 925 3937 quum
937 3867 1095 3930 Gerendus,
1106 3863 1244 3936 prefectus
1257 3883 1338 3916 muro
1350 3902 1358 3927 ‚

336 3944 399 3995 188.
420 3944 604 4018 Thermopyla:
621 3945 659 3998 sic
671 3942 751 3997 dicta
765 3946 800 3997 ab
844 3945 999 3999 mnseundi
1011 3946 1115 4017 copiam
1129 3943 1167 3995 illi
1180 3939 1265 3995 daret.

292 4020 367 4091 aquis
390 4018 482 4072 calidis
504 4024 542 4075 ihi
563 4025 723 4078 scatentibus
730 4044 738 4087 ;
762 4037 800 4077 est
889 4031 949 4092 ¹9⁰·
967 4025 1085 4077 Isthmos:
1100 4024 1216 4075 Isthmus
1240 4034 1280 4075 est
1302 4018 1354 4071 exi·

292 4100 363 4157 enim
376 4100 460 4171 dsppic
471 4100 583 4164 calidus,
597 4116 623 4155 et
632 4107 694 4160 πύλη
709 4117 801 4175 porta,
844 4121 895 4174 gua
912 4116 982 4157 terra
999 4104 1070 4155 inter
1082 4101 1137 4154 duo
1150 4101 1251 4167 marin
1271 4098 1356 4173 qualis
