3034 4900
512 486 837 597 EPIGRAMMA
863 488 969 555 XXI.
1198 488 1273 562 383

188 621 361 718 =Augescit
381 620 527 691 brevitas
546 619 625 690 doni
645 622 767 715 pietate
785 622 933 709 Serenae,

256 728 342 817 Quae
359 726 513 798 volucres
528 727 628 796 etiam
645 726 802 796 fratribus
817 741 915 797 ornat
930 750 1042 823 equos.

201 926 362 999 conjiciebat
386 925 512 980 Heinsius
532 926 654 998 pulchre.
675 955 716 969 -
759 924 841 979 oeulos
853 925 1002 981 tribuit-
1014 928 1082 981 Vera
1088 932 1196 999 pietate,
1209 932 1270 986 Vnt.

198 1006 290 1078 Jugis,
304 1025 355 1079 pro
362 1007 445 1077 jubis,
462 1006 525 1059 Vnt.
547 1006 634 1059 Lirin.
759 1024 812 1059 see.
827 1006 956 1071 brevitate,
970 1005 1044 1061 Med.
1060 1026 1112 1062 sec.

245 1104 291 1141 11.
311 1088 410 1151 Brevis,
435 1086 537 1138 brevitas
556 1104 608 1158 pro
631 1104 715 1157 parvo
807 1104 852 1140 η.
875 1085 937 1140 Non
958 1098 1080 1141 rentente
1102 1088 1167 1160 ipsis
1188 1103 1272 1145 vestes

199 1166 282 1237 liujus
301 1165 390 1221 seculi
408 1164 583 1236 scriptoribus
603 1165 716 1218 familie·
759 1176 863 1232 texere,
884 1184 967 1238 equos
989 1166 1068 1221 etiem
1089 1168 1198 1224 illorum
1217 1171 1272 1224 suis

196 1246 250 1311 ⁴rie.
266 1244 319 1301 sed
333 1249 389 1318 jem
400 1247 471 1301 Plin.
484 1246 567 1314 vm,
584 1264 637 1316 17,
649 1264 717 1318 pan·
760 1262 856 1299 ornere
870 1247 993 1301 menibus
1005 1246 1186 1319 dignetur.—
1200 1251 1271 1305 Fim-

199 1326 285 1379 therie
304 1325 382 1379 dnm
402 1330 428 1379 in
446 1326 550 1379 candido
571 1326 717 1379 maculam
760 1325 825 1379 brius
837 1338 1009 1401 ornatequos,
1025 1327 1127 1381 Buslid.

199 1525 247 1545 m
554 1524 1274 1551 mmmmm

666 1742 810 1811 LXXI.

200 1980 288 2025 xxl.
316 1980 371 2025 DII
397 1979 512 2026 ZOIlA
542 1979 592 2026 ΑΒ
618 1978 771 2026 EADEM
798 1977 929 2025 ntlsse
950 1979 1146 2028 Ancento
1172 1983 1267 2031 AUG·

201 2146 422 2268 Sumne
442 2193 672 2290 resplendens,
689 2208 723 2264 et
742 2194 826 2262 mira
846 2192 968 2263 textilis
989 2209 1060 2264 arte

252 2298 385 2370 Balteus
405 2299 542 2397 alipedis
561 2301 652 2396 regia
673 2315 766 2395 terga
787 2297 884 2395 liget3

199 2406 311 2496 Quem
331 2406 432 2478 decus
449 2410 523 2479 Eoo
539 2407 653 2496 fratri,
673 2408 860 2504 pignusque
878 2406 1056 2504 propinqui

252 2515 427 2610 Sanguinis
446 2516 608 2611 Hesperio
630 2516 720 2586 misit
739 2513 782 2583 ab
805 2515 887 2584 orbe
910 2539 1014 2585 soror.

198 2621 275 2690 Hoc
296 2619 382 2692 latus
399 2621 559 2717 adstringi
578 2619 676 2692 velox
696 2635 830 2716 optaret
850 2622 977 2709 Ari0n3
1256 2653 1267 2692 s

253 2728 329 2795 Hoc
348 2730 523 2824 proprium
544 2727 644 2798 vellet
666 2728 798 2823 cingere
817 2729 938 2798 Castor
955 2751 1087 2821 equum.

239 2925 356 2982 Videtur
376 2927 472 2984 eodem
491 2943 612 3002 tempore
631 2929 712 2984 etiam
754 2929 873 3001 perium,
885 2925 959 3001 quod
969 2930 1131 3001 gubernebtrt
1146 2942 1203 2984 tuin
1215 2930 1269 2986 sti-

198 3006 317 3063 Areedio
330 3028 428 3064 munire
440 3010 526 3064 simile
539 3009 624 3073 illine,
638 3008 712 3082 qnod
754 3009 841 3076 lieho,
852 3009 977 3080 intelligi,
990 3029 1045 3066 non
1058 3010 1138 3064 hahet
1149 3009 1268 3066 difficul-

198 3087 713 3157 Roneriodederet,misieee.lluncsm·
754 3100 846 3156 tutem.
860 3090 901 3143 De
917 3091 1010 3142 Arione
1025 3087 1132 3144 Adrasti
1147 3110 1231 3162 equo,
1241 3104 1269 3145 et

200 3168 713 3241 tunquentionedicetmododeele·
756 3169 864 3241 Cyllero
881 3167 1003 3234 Castoris,
1024 3168 1080 3224 rid.
1096 3171 1182 3239 VIII,
1200 3170 1267 3226 555.

198 3261 288 3302 return
304 3263 345 3304 eet
362 3249 396 3304 ed
412 3251 505 3318 Lxx,
521 3271 546 3306 1.
562 3253 644 3304 Eoum
658 3250 713 3303 lra-
755 3248 1267 3324 —Continuenthocepigremmepre·

198 3341 270 3384 trem
279 3328 513 3402 Constantinopoli
521 3332 713 3402 imperantem,
756 3327 862 3382 cedenti
875 3329 954 3384 Vien.
973 3341 1000 3383 et
1017 3330 1051 3384 el.
1066 3327 1141 3402 quod
1156 3332 1210 3402 jam
1225 3329 1268 3385 di·

198 3419 229 3460 et
241 3409 383 3481 Hesperia
394 3410 485 3475 orta,
498 3409 652 3466 Occidentis
661 3411 713 3464 im-
756 3409 884 3464 stinxerst
893 3409 982 3466 Perus.
993 3423 1020 3464 et
1031 3409 1107 3464 MSS,

540 3633 932 3668 ,ψαυ-
