3034 4900
311 459 378 530 192
520 437 594 505 cr.
624 435 928 506 clauorum
955 441 1146 509 xxxin.

307 567 444 636 Vidisset
463 564 591 636 caelestc
606 566 721 660 jubar,
740 591 918 661 rursusque
935 585 1092 639 cruentus

302 675 435 767 AEgteon
454 673 567 766 positis
584 688 675 742 arcto
692 672 733 741 de
750 695 891 768 corpore
908 675 1003 744 nodis

301 780 409 848 Obvia
427 793 566 848 centeno
584 793 732 848 vexasset
749 777 887 849 fulmina
904 796 1007 850 motu.

300 884 365 956 sed
381 887 493 954 Parcae
511 899 644 954 vetuere
661 887 784 973 minas,
801 885 941 981 orbique
958 889 1110 958 timentes

299 999 386 1060 Ante
404 990 503 1085 pedes
521 990 702 1086 soliumque
719 991 812 1061 ducis
829 991 944 1061 fudere
960 1018 1107 1064 severam

300 1099 482 1184 Canitiem,
500 1097 702 1191 genibusque
721 1121 797 1166 suas
814 1123 890 1167 cum
909 1100 1056 1194 supplice
1074 1101 1167 1171 vultu
1332 1136 1355 1173 s.

298 1203 486 1272 Admovere
505 1226 639 1290 manus,
655 1227 796 1299 quarum
814 1203 876 1274 sub
891 1205 966 1298 jure
983 1221 1138 1276 tenentur

297 1312 435 1398 Omnia,
453 1333 526 1404 quae
547 1311 662 1380 seriem
681 1310 825 1379 fatorum
844 1309 962 1405 pollice
981 1312 1123 1399 ducunt,

297 1419 478 1511 longaque
493 1415 621 1485 ferratis
639 1416 798 1486 evolvunt
816 1415 934 1486 saecula
951 1420 1071 1511 pensis.

348 1523 458 1592 Prima
474 1522 545 1591 sero
564 1523 719 1592 Lachesis
738 1522 903 1592 clamabat
919 1523 996 1592 talia
1013 1526 1102 1620 regi,

294 1626 443 1699 lncultas
460 1627 606 1724 dispersa
624 1654 758 1699 comas:
783 1632 846 1699 «Ο
863 1632 1005 1699 maxime
1020 1633 1126 1701 noetis
1328 1661 1352 1698 ss

327 1839 382 1900 46.
393 1837 495 1889 Arctum
503 1835 639 1906 participii
649 1836 753 1888 ratione
763 1854 804 1889 ao-
888 1835 934 1889 52.
947 1835 1150 1903 Suessam
1155 1835 1243 1906 polliae
1254 1836 1351 1889 hamt.

293 1914 459 1988 oquendum,
474 1915 548 1987 quasi
566 1927 633 1968 essct
649 1927 756 1980 arctato,
773 1917 801 1969 h.
845 1914 941 1986 Digitis
951 1916 995 1968 fita
1008 1917 1114 1970 subacta
1126 1915 1237 1969 trabum
1249 1929 1277 1968 et
1289 1929 1354 1970 nent

293 2016 316 2051 e.
330 1996 480 2050 consuicto.
845 1995 991 2048 naturalem
1004 1995 1147 2067 quemdam
1158 1994 1282 2048 ordinem
1295 2015 1351 2049 om·

334 2083 379 2147 47.
408 2075 487 2129 Obvia
509 2075 631 2142 fulmina,
657 2086 750 2127 contra
773 2094 801 2129 se
843 2075 922 2128 nium
941 2093 1032 2127 rerum
1052 2095 1084 2128 ex
1105 2087 1218 2140 aeterno,
1242 2077 1300 2128 aliis
1317 2075 1350 2129 ad

291 2156 385 2221 missa,
398 2168 509 2207 ruwet
523 2154 565 2208 vel
579 2152 740 2207 declinando
756 2156 800 2208 vel
843 2153 893 2206 alia
906 2156 1142 2226 consequentibus,
1156 2168 1183 2208 et
1193 2173 1251 2206 non
1264 2169 1350 2208 muta-

290 2237 319 2290 in
342 2235 504 2289 contrarium
525 2232 684 2306 dirigendo,
703 2247 800 2287 centeno
842 2234 890 2286 bili
904 2247 1028 2288 manente
1044 2233 1199 2306 hujusmodi
1216 2235 1299 2300 serie,
1318 2255 1350 2288 ex

292 2328 355 2368 matu
387 2313 497 2369 totidem
528 2333 663 2367 manuum.
694 2313 800 2384 Nempe
843 2314 1004 2387 Chrysippo.

290 2398 397 2467 AEgaeou
412 2407 450 2449 est
468 2395 634 2465 ίιιατόγχιιρος
650 2393 696 2445 ille
711 2400 748 2446 lt.
764 2414 799 2462 α,
880 2393 925 2449 53.
948 2395 1053 2448 Ferrato
1064 2415 1141 2467 peresa
1157 2407 1234 2449 vocat
1247 2413 1298 2466 pro
1311 2395 1348 2448 ls-

291 2476 359 2539 403,
368 2464 401 2529 ὸν
418 2476 535 2546 Βριάρεων
551 2472 737 2533 mistriensi,
755 2475 799 2527 ἄν·
840 2474 912 2538 neis,
927 2472 963 2528 ad
975 2474 1144 2529 indicandam
1157 2475 1310 2529 limitatur
1322 2488 1349 2528 et

287 2551 344 2625 <lpse
359 2549 391 2606 δι’
405 2574 433 2605 τι
446 2554 539 2614 πάντες
550 2553 687 2625 Αἰγαίωνα.
839 2553 913 2605 velut
924 2555 1040 2625 rigorem
1054 2556 1178 2609 fatorum.

330 2637 376 2697 48.
392 2632 472 2697 Quod
489 2634 577 2685 Parcae
591 2645 687 2684 vetuere
701 2636 796 2697 minas,
880 2631 1022 2696 54.Feruru
1034 2654 1126 2703 regem,
1137 2653 1193 2688 non
1204 2622 1347 2705 modojepi·

287 2712 401 2783 pulchre
419 2724 446 2763 et
464 2711 588 2765 decenter
611 2709 714 2764 dictum
728 2730 735 2763 :
750 2710 797 2765 sed
839 2710 913 2764 theto
933 2727 1066 2784 perpetuo
1086 2713 1139 2767 dici
1159 2731 1235 2783 posse
1255 2712 1346 2765 Pluto·

286 2792 331 2845 illa
346 2790 502 2860 supplicatio
520 2792 659 2860 antepedes
674 2791 796 2844 Plutonis
838 2809 916 2857 nem,
930 2804 1058 2863 apparet:
1072 2791 1119 2844 sed
1134 2804 1264 2863 quatenus
1275 2808 1345 2843 nnnc

287 2888 342 2923 non
358 2869 459 2939 placet,
474 2868 496 2920 si
512 2867 620 2937 quidem
639 2870 727 2923 Parcae
742 2872 797 2923 sint
838 2870 952 2923 Veneris
972 2869 1088 2941 quodem
1108 2884 1187 2923 restro
1207 2890 1238 2923 sc
1255 2871 1344 2924 furore

287 2952 388 3015 satum,
405 2948 447 3001 cui
458 2947 551 3000 Jovem
565 2959 592 2998 et
604 2966 696 3002 omues
709 2950 795 3016 Deos,
837 2948 960 3002 efferatus
972 2961 1020 3003 est.

286 3032 428 3100 Ditemque
440 3027 506 3080 adeo
521 3027 607 3099 ipsum
620 3027 699 3079 etism
711 3028 794 3100 subji·
880 3029 925 3082 5⁵.
938 3029 1000 3082 Haec
1012 3030 1066 3099 jam
1082 3028 1167 3081 oratio
1179 3029 1261 3082 hahet
1272 3028 1343 3082 velut

284 3128 344 3165 rere
358 3109 452 3161 solent.
469 3105 521 3160 Sed
539 3125 635 3178 nempe
648 3107 751 3172 Parcae,
764 3121 794 3161 ut
836 3106 974 3178 Hymnnm
989 3108 1125 3171 Plutonis,
1139 3121 1166 3161 et
1180 3127 1211 3161 es
1226 3109 1342 3180 philoso-

284 3192 316 3245 fit
335 3190 362 3241 in
382 3186 544 3259 mythologie
563 3198 601 3239 set
620 3186 792 3257 frequenter,
835 3187 976 3257 phemats,
989 3186 1023 3239 de
1035 3186 1245 3258 quihusdictum
1260 3188 1293 3241 sd
1306 3190 1340 3249 V,

283 3271 329 3323 hic
342 3269 417 3321 uliam
433 3284 570 3339 personam
584 3266 731 3332 sustinent,
749 3267 792 3318 in·
838 3267 904 3321 ⁵25.
920 3268 999 3321 Pluto
1014 3267 1075 3334 ille,
1089 3267 1192 3332 Chaos,
1208 3265 1287 3336 ᾅδης,
1300 3286 1342 3323 res

284 3352 400 3403 ferorum
413 3366 475 3418 pars
484 3359 561 3411 sunt,
576 3356 602 3399 et
613 3346 686 3416 regni
700 3346 792 3399 Pluto·
835 3364 888 3399 una
912 3345 1075 3418 eademque,
1097 3348 1206 3399 confusa
1221 3346 1341 3418 quedam

283 3429 343 3493 nis,
364 3426 477 3497 filiaeque
497 3424 562 3479 adeo
580 3425 623 3477 tel
645 3426 728 3495 ipsius
747 3427 791 3478 vel
834 3427 970 3496 congeries
993 3428 1183 3479 elementorum
1211 3439 1237 3479 et
1260 3426 1340 3477 semi·

283 3507 377 3561 Noctis
390 3518 416 3557 et
431 3505 518 3557 Erebi.
833 3524 917 3570 num,
930 3525 1020 3559 sensus
1032 3520 1153 3559 externos
1167 3505 1340 3575 fugientium,

332 3592 377 3655 49.
394 3584 437 3637 stc
450 3584 591 3654 Pompeius
606 3581 677 3654 spud
690 3585 789 3637 Lucan.
834 3604 849 3637 e
861 3603 917 3655 qua
928 3586 1053 3638 oriuntur
1059 3625 1067 3650 ,
1079 3586 1107 3636 in
1117 3602 1195 3654 quam
1205 3584 1341 3636 resolvam·

283 3658 351 3729 vn,
369 3666 438 3733 37a,
457 3664 520 3717 fucit
535 3662 662 3716 Senatum.
673 3696 694 3711 ·.
710 3684 791 3715 sacros
833 3676 878 3718 tur
889 3664 985 3716 omnia.
1000 3665 1141 3717 Parcarum
1151 3674 1206 3728 est,
1220 3671 1269 3716 τῶν
1280 3670 1341 3716 Μοι-

277 3748 378 3818 pedibus
402 3744 517 3797 militum
537 3754 685 3812 prosternere
708 3762 788 3794 canos.
832 3750 894 3812 ρῶν,
916 3744 1046 3813 assignare
1070 3742 1213 3812 unicuique
1242 3744 1339 3796 horum

280 3827 399 3879 Genibus
409 3823 551 3877 admovere
560 3840 653 3874 manus
665 3822 790 3893 antiquis-
832 3822 1026 3875 elementorum
1033 3841 1106 3876 suam
1117 3836 1228 3887 sortem,
1238 3827 1338 3894 μοῖραν,

282 3905 388 3959 simum.
402 3904 494 3957 Thetis
517 3901 673 3967 Homerica,
692 3908 726 3954 tt.
750 3920 787 3966 α,
831 3912 922 3959 ortus,
946 3921 1027 3972 quem
1048 3902 1171 3955 Lachesis
1190 3904 1338 3974 gubernat,

284 3984 354 4043 500,
366 3984 446 4034 altera
458 3982 736 4053 managenuapetris,
747 3981 785 4032 al·
829 3977 994 4046 durationis,
1007 3999 1088 4052 quarn
1103 3982 1171 4052 regit
1184 3984 1299 4047 Clotho,
1312 3994 1338 4033 et

280 4076 334 4115 tera
347 4059 454 4111 hsrham
469 4060 619 4129 prehendit.
829 4056 929 4114 reditus
950 4060 979 4112 in
996 4061 1102 4124 Chaos,
1121 4080 1202 4132 quem
1224 4075 1337 4114 mortem
