3034 4900
500 437 975 508 mosuronmcnm.
1197 440 1271 536 293

195 569 313 643 Nuda!
338 585 420 667 quot
437 548 782 685 antiquasffitarunt
804 567 943 640 llu'mina
963 569 1069 666 ripas!
1245 601 1272 640 ss

196 682 261 750 Hic
280 693 371 750 rotat
387 679 576 748 AEmouium
597 677 757 773 praeduris
777 678 903 746 viribus
921 679 1062 767 OEten3

197 788 263 856 Hic
276 787 359 880 juga
376 785 525 856 connixis
542 782 695 854 manibus
709 785 850 878 Pangaea
868 799 1038 870 coruscat3

196 895 298 961 Hunc
315 906 423 961 armat
444 887 589 986 glacialis
605 879 730 977 Athos,
750 890 816 959 boc
837 891 921 959 Ossa
940 905 1096 960 movente

196 997 340 1068 Tollitur
354 1025 364 1085 ;
380 999 436 1068 hic
454 997 643 1093 Rhodopen
662 995 768 1066 Hebri
786 1021 862 1066 cum
881 995 973 1066 sonte
991 996 1139 1084 revellit,

195 1106 241 1174 Et
262 1106 367 1176 socias
384 1105 554 1174 truncavit
570 1127 692 1200 aquas,
708 1126 904 1197 summaque
925 1099 1053 1173 levatus
1243 1149 1270 1189 ,ο

195 1211 295 1306 Rupe
312 1213 496 1306 Giganteos
511 1211 669 1280 humeros
686 1211 808 1278 irrorat
825 1210 981 1304 Enipeus.

249 1317 397 1387 Subsidit
417 1313 538 1412 patulis
555 1314 668 1385 Tellus
687 1317 757 1384 sine
774 1313 918 1384 culmine
938 1317 1085 1411 campis,

195 1426 238 1493 In
259 1437 355 1493 natos
375 1423 480 1492 divisa
501 1447 579 1492 suos
595 1447 603 1489 ε
621 1421 809 1491 horrendus
827 1421 950 1516 ubique

193 1532 229 1599 It
249 1529 378 1626 fragor,
395 1542 429 1598 et
447 1553 567 1624 pugnae
588 1529 731 1622 spatium
749 1527 953 1598 discriminat
974 1551 1040 1596 aer.

193 1637 326 1706 Primus
343 1635 524 1705 terrificum
542 1636 679 1704 Mavors
696 1659 765 1703 non
785 1635 893 1728 segnis
908 1634 943 1703 in
960 1657 1080 1729 agmen
1241 1663 1268 1714 ‚s

195 1742 356 1836 Odrysios
376 1739 515 1837 impellit
536 1764 660 1835 equos,
678 1740 797 1835 quibus
816 1739 869 1810 ille
889 1737 1055 1827 Gelonos,

195 1849 273 1918 Sive
291 1850 395 1919 Getas
412 1847 547 1917 turbare
564 1846 665 1918 solet:
685 1845 910 1942 splendentior
925 1847 995 1941 igni

193 1957 324 2024 Aureus
339 1953 482 2024 ardescit
498 1952 652 2050 clypeus,
668 1952 862 2049 galeamque
879 1953 1020 2022 nitentes

194 2063 359 2130 Arrexere
373 2060 472 2155 jubae.
488 2061 583 2130 Tunc
599 2060 748 2130 concitus
765 2083 842 2128 ense
857 2057 1012 2128 Pelorum

194 2167 361 2261 Transigit
380 2167 538 2254 adverso,
558 2165 723 2236 femorum
745 2164 898 2260 qualine
920 2161 1052 2233 volutus
1238 2197 1265 2233 s..

196 2355 316 2409 minere
326 2355 412 2411 sdhuc
421 2357 470 2410 visi
480 2367 508 2410 et
520 2355 618 2410 minari
627 2357 708 2422 culo,
752 2354 814 2409 dem
829 2353 1044 2428 perfundit,'sed
1057 2365 1162 2407 tantum
1175 2357 1265 2407 inum

196 2437 289 2489 latuere
298 2440 359 2491 marl
370 2436 507 2492 submersi.
753 2435 888 2507 Giganteos
910 2436 1027 2489 brunerus.
1041 2434 1115 2489 Alius
1129 2446 1168 2488 est
1181 2434 1265 2488 Thes·

237 2517 284 2572 65.
302 2518 397 2581 Nudam
410 2516 509 2571 nudata
524 2518 578 2570 suis
591 2516 706 2588 scopulis
750 2517 820 2571 salise
833 2516 968 2587 Enipeus,
983 2515 1140 2569 Pharsalum
1152 2528 1262 2585 prseter-

194 2597 407 2652 etmunimeutis
418 2597 591 2651 naturalibus.
749 2594 847 2660 fluens,
859 2594 955 2666 dequo
965 2592 1000 2649 ad
1011 2595 1123 2660 XXVI,
1140 2593 1200 2647 183.

235 2680 282 2733 66.
295 2678 402 2741 OEteu,·
417 2677 503 2744 OEte,
517 2676 618 2738 Athos,
635 2676 704 2727 Psn·
747 2720 751 2725 .
792 2694 839 2745 72.
851 2672 985 2739 Quamdiu
998 2686 1102 2727 montes
1114 2673 1150 2726 ita
1161 2674 1189 2725 in
1205 2692 1261 2726 ma·

191 2775 277 2829 gneus,
288 2758 355 2811 Osse
367 2770 395 2811 et
407 2755 540 2828 Rhodope
550 2768 613 2809 sunt
624 2756 707 2808 Thes-
748 2754 830 2808 nibus
837 2754 982 2824 Gigantum
995 2764 1023 2805 et
1032 2753 1060 2805 in
1071 2753 1152 2806 altum
1164 2753 1261 2805 sublati

192 2837 264 2891 sellu
278 2850 306 2891 et
319 2838 441 2891 Threcia
458 2850 579 2898 montes,
594 2834 629 2888 de
643 2834 705 2906 qui·
748 2847 843 2899 erem,
858 2834 890 2886 iis
909 2833 974 2886 loeis
993 2832 1116 2905 planities
1132 2845 1158 2886 et
1171 2832 1260 2903 compi

192 2917 245 2970 bus
255 2919 310 2988 jum
321 2917 428 2988 passim.
438 2916 490 2969 En.
748 2927 839 2976 mant,
852 2912 910 2965 sine
922 2914 1035 2975 omnine,
1051 2926 1097 2965 aut
1108 2912 1258 2965 eminentie.

235 3002 282 3067 67.
307 2998 443 3067 Pergam
464 3008 492 3049 et
515 2995 602 3049 Athon
624 2993 704 3047 etiarn
790 3001 837 3063 74.
851 2993 906 3046 Aer
918 3006 957 3045 est
971 2990 1036 3044 illud
1054 2992 1172 3062 spatium
1188 2991 1259 3045 inter

194 3077 335 3147 conjunxit
352 3073 533 3139 Claudianus,
554 3075 614 3138 111,
637 3071 703 3127 336.
747 3086 888 3143 utramque
905 3072 991 3126 aciem
1007 3070 1144 3135 medium,
1159 3070 1188 3123 in
1205 3088 1260 3140 quo

193 3156 247 3208 Hic
266 3156 414 3228 pmcn-tim
433 3156 509 3208 locus
530 3154 640 3225 ingenio
657 3152 706 3207 illo
748 3150 846 3205 deinde
857 3150 1040 3215 concurritur,
1053 3150 1207 3221 μιταίχμιον.

194 3234 295 3307 ὤμοι
313 3234 430 3289 videtur.
449 3234 551 3300 Quanti
564 3245 644 3299 sunt,
657 3234 704 3304 qui
784 3228 1257 3304 76.OdrysuinterTlrrsciepopulos

193 3328 335 3378 ment,
346 3315 375 3368 h
387 3334 411 3367 e.
422 3314 503 3368 celeri
511 3326 589 3367 motu
598 3313 705 3365 vibrant
746 3312 921 3365 celebriores:
933 3310 965 3363 ab
978 3309 1019 3362 his
1031 3307 1164 3380 quidquid
1173 3308 1259 3361 Thra-

196 3408 225 3448 et
245 3394 396 3466 jaculantur
418 3406 543 3459 montes,
568 3394 615 3464 qui
641 3411 704 3446 cum
747 3392 820 3445 cium
836 3403 890 3457 est,
913 3402 958 3444 sut
974 3388 1199 3461 septentrionale,
1213 3400 1259 3440 aut

194 3488 288 3529 monte
300 3475 386 3528 fontes
395 3474 536 3527 fluminum
545 3471 664 3525 tollunt?
746 3471 875 3524 Martium
887 3469 1018 3541 denique,
1031 3466 1104 3540 quod
1117 3468 1189 3521 Mars
1199 3486 1259 3539 pro·

237 3573 281 3625 7⁰·
298 3556 452 3607 Truncantur
468 3573 537 3625 σφεα
554 3556 626 3605 socie
648 3552 703 3604 fle·
745 3550 839 3622 prium
851 3550 971 3603 Thracius
980 3550 1065 3620 gentis
1076 3566 1177 3601 numen
1187 3560 1259 3611 eret,

194 3634 256 3699 bri,
268 3636 301 3687 sb
312 3634 371 3688 eliis
379 3632 534 3687 fluminibus
545 3632 655 3684 invectu
663 3651 705 3685 ee·
749 3630 880 3703 Odrysium
893 3641 976 3699 poete
987 3646 1082 3681 vocare
1094 3627 1187 3679 solent.

193 3715 251 3785 pite
265 3734 322 3767 suo.
788 3729 835 3781 79.
851 3711 971 3764 Arrseem
990 3708 1084 3777 galeam
1099 3705 1184 3777 juboe,·
1204 3704 1261 3757 hoo

236 3794 529 3866 71.hlagnilicsimsgo.
537 3791 632 3845 Consti
640 3804 703 3844 sunt
747 3791 783 3843 ita
802 3791 977 3860 interpretor,
998 3786 1132 3849 altiorem,
1152 3784 1257 3837 terribi-

194 3874 320 3945 Gigantes
328 3873 455 3927 interulis
465 3868 558 3942 (Virg.
567 3872 663 3942 Georg.
674 3872 703 3935 1,
746 3870 892 3940 lioremqne
904 3866 970 3920 adeo
978 3867 1077 3937 galeam
1089 3865 1209 3917 lecerunt
1220 3863 1263 3917 ri-

196 3951 275 4016 28²)
291 3981 303 4001 ι
318 3955 391 4007 Osse
400 3949 558 4005 frondosum
567 3950 704 4003 involvere
747 3948 994 4009 deri.·-Pelorum,
1003 3946 1143 4015 Gigantem
1151 3958 1261 4015 ponten-

192 4033 350 4105 Olympum.
364 4060 375 4081 ι
389 4034 431 4085 Ex
442 4032 561 4101 Olympo
574 4028 704 4083 delabitur
748 4043 812 4083 tosae
823 4024 1260 4097 magnitudinistrrslupfflshnpoe,

191 4114 321 4185 Enipeum
333 4113 380 4167 hic
396 4130 450 4166 una
461 4111 579 4165 sublatus
596 4127 631 4163 ne
645 4110 704 4183 qui·
749 4122 776 4162 et
805 4108 919 4176 ersldpsoe
938 4144 946 4171 ,
978 4124 1099 4175 mugitus,
1128 4102 1263 4157 enormibus

932 4248 936 4255 .
1036 4194 1101 4307 ,9³
