3034 4900
263 421 341 534 '260
442 462 445 476 ·
489 465 562 534 cn.
591 466 892 536 crannum
919 469 1100 538 xxxvl.

264 600 362 668 Nunc
382 598 443 668 sibi
464 613 606 669 mutatas
617 599 739 668 borret
758 601 943 695 nigrescere
963 615 1104 687 vestes‚.

263 709 363 776 Nunc
383 704 507 776 steriles
525 707 640 775 mediis
655 705 809 775 frondere
827 707 1001 800 penatibus
1020 733 1128 778 ornos.

315 813 430 881 Stabat
449 825 607 908 praeterea
626 810 702 881 luco
722 811 871 882 dilectior
892 815 983 883 omni

262 923 408 1004 Laurus,
422 920 589 1012 virgineos
606 944 683 1014 quae
703 919 870 1012 quondam
889 919 1006 990 fronde
1025 921 1144 1016 pudiea
1300 953 1325 1003 ,ς

262 1026 448 1094 Umbrabat
467 1024 631 1095 thalamos
652 1051 661 1092 z
680 1025 768 1094 hanc
786 1028 852 1094 ima
873 1028 975 1122 stirpe
997 1029 1135 1097 recisam

261 1133 372 1218 Vidit,
390 1147 423 1201 et
441 1133 604 1201 incomtos
623 1131 739 1200 foedari
758 1131 895 1227 pulvere
912 1157 1041 1222 ram0s;

261 1239 496 1331 Querentique
516 1237 608 1307 nefas
625 1237 774 1332 Dryades
791 1238 902 1308 dixere
919 1255 1121 1334 gementes,·

260 1351 417 1415 Tartarea
437 1345 551 1413 Furias
570 1342 783 1413 debellavisse
805 1346 951 1439 bipenni.

311 1451 376 1520 Sed
394 1465 473 1520 tunc
492 1452 578 1544 ipsa,
598 1451 649 1518 sui
664 1450 733 1542 jam
751 1476 820 1519 non
841 1451 1034 1546 ambagibus
1053 1451 1127 1522 ullis

179 1617 188 1632 ,
260 1559 403 1643 Nuntia,
421 1570 571 1625 materno
591 1557 690 1625 facies
712 1558 837 1651 ingesta
856 1559 991 1652 sopori:

259 1667 411 1759 Namque
431 1662 606 1733 videbatur
627 1661 802 1732 tenebroso
824 1664 956 1733 obtecta
978 1687 1109 1734 recessu

259 1771 431 1852 Carceris,
453 1784 487 1837 et
508 1771 601 1838 saevis
623 1770 818 1863 Proserpina
840 1771 952 1838 vincta
965 1773 1114 1858 catenis,

257 1881 336 1948 Non
358 1874 488 1970 qualem
511 1873 628 1944 Siculis
648 1873 727 1942 olim
749 1874 965 1944 mandaverat
984 1878 1089 1964 arvis,

257 1987 330 2054 Nec
350 1981 480 2077 qualem
503 1983 605 2050 roseis
626 2003 732 2076 nuper
753 1980 959 2050 convallibus
981 1968 1107 2052 Hennae

256 2095 439 2184 Suspexere
460 2091 541 2158 Deae
564 2115 571 2154 :
595 2085 766 2182 squalebat
786 2085 957 2183 pulchrior
978 2113 1060 2159 auro

259 2199 435 2282 Caesaries,
457 2210 492 2263 et
512 2220 578 2263 nox
600 2193 774 2264 oculorum
797 2194 956 2265 infecerat
978 2198 1094 2291 ignes;

258 2305 512 2396 Exhaustusque
534 2299 610 2394 gelu
632 2300 734 2395 pallet
754 2301 857 2370 rubor
880 2328 887 2369 :
912 2301 966 2371 ille
988 2302 1121 2397 superbi

260 2409 445 2479 Flammeus
466 2409 532 2477 oris
551 2407 679 2494 bonos,
703 2422 737 2476 et
756 2427 826 2477 ¹non
848 2431 980 2478 cessura
1001 2410 1127 2503 pruinis

260 2512 412 2585 Membra
434 2513 625 2583 colorantur
645 2514 729 2606 picei
752 2511 890 2607 caligine
913 2516 1014 2608 regni.
1089 2571 1095 2582 .
1296 2560 1322 2595 ,0

257 2626 348 2717 Ergo
369 2622 456 2689 hanc
478 2635 516 2689 ut
536 2618 637 2687 dubio
657 2620 715 2687 vix
736 2618 870 2686 tandem
892 2642 1071 2711 agnoscere
1092 2619 1163 2686 visu

259 2727 415 2795 Evaluit:
442 2725 574 2817 «Cujus
596 2740 647 2793 tot
667 2748 773 2819 poenae
795 2722 961 2792 criminis?
981 2725 1109 2817 inquit3

263 2832 358 2901 Unde
379 2832 450 2899 baec
471 2830 621 2899 informis
642 2828 785 2899 macies?
805 2828 859 2898 cui
880 2842 971 2897 tanta
993 2827 1129 2897 facultas

262 3034 328 3073 stres
341 3016 452 3081 fraxini,
466 3016 549 3087 pds'm
561 3010 606 3069 διὰ
619 3016 646 3067 τὸ
657 3015 767 3085 ἄκαρπον
854 3033 899 3085 79.
910 3016 1000 3067 Furias
1010 3014 1176 3077 ductum,-
1184 3014 1256 3087 quod
1267 3032 1320 3069 erat

262 3100 348 3160 πενίας
363 3101 405 3152 καί
421 3095 524 3166 ἀπορίας
542 3094 589 3147 utet
604 3096 713 3164 captim.
729 3125 770 3135 —
813 3096 954 3165 pessimum
969 3114 1057 3149 omen.

263 3180 358 3234 sterilis
368 3196 465 3238 ornus,
478 3175 597 3228 orbitatis
609 3173 769 3247 symbolum.
855 3176 899 3227 80.
924 3174 975 3229 Sed
996 3188 1091 3239 turen,
1111 3174 1170 3239 MS.
1188 3174 1261 3229 unde
1273 3176 1323 3229 Sed

305 3266 351 3328 74.
362 3260 429 3309 Lam
436 3256 545 3307 dilectior
556 3256 636 3315 omni,·
648 3272 706 3324 qum
714 3272 771 3305 ma·
815 3254 909 3305 tandem
919 3258 988 3324 conj.
998 3255 1089 3308 Heius.
1101 3283 1141 3298 -
1154 3256 1317 3328 Ambagr'bur‚

264 3339 304 3410 gis
312 3338 447 3407 placebat,
456 3352 535 3405 mam
545 3335 610 3387 silva
620 3346 689 3399 tota,
698 3332 771 3386 unde
813 3333 960 3387 involucris
973 3335 1080 3389 somnii.

263 3416 387 3471 translata
402 3415 495 3467 fuerat.
854 3412 898 3466 83.
913 3414 966 3465 Pro
979 3419 1062 3479 sceris,
1077 3415 1143 3466 duris
1157 3414 1231 3467 MSS.

306 3497 353 3567 75.
368 3493 454 3547 Etiam
470 3490 538 3545 illud
551 3490 585 3545 de
600 3492 669 3544 lauro
683 3504 722 3544 est
737 3510 771 3544 ex
855 3494 900 3545 88.
918 3494 1070 3563 Eeustusque
1085 3497 1155 3565 conj.
1168 3494 1259 3547 Heius.
1278 3514 1319 3548 re·

264 3575 403 3649 disciplina
413 3571 582 3626 Artemidori.
593 3574 688 3625 Laurus
697 3572 771 3624 enim
815 3584 868 3637 cte,
880 3586 955 3642 puto.
962 3602 1003 3615 -
1011 3574 1139 3645 Superbum
1148 3594 1174 3625 os
1183 3587 1222 3627 est
1233 3576 1320 3627 vultus

265 3660 309 3722 Π,
327 3658 381 3720 25,
398 3675 426 3726 p.
448 3652 573 3724 113,pr.
592 3672 612 3704 s.
632 3647 713 3723 totvm
727 3672 772 3723 γυ-
815 3653 879 3723 regii
901 3652 997 3723 fastigii
1018 3653 1174 3725 dignitatem
1197 3674 1318 3726 aequans;

264 3740 338 3789 veisa
353 3735 466 3807 σημαίνει
467 3771 556 3787 .....
573 3734 706 3803 εὔμορφον,
725 3727 771 3783 διὰ
814 3751 868 3783 nou
889 3730 922 3783 ed
942 3752 1028 3785 mores
1041 3730 1169 3786 refertur:
1185 3748 1215 3787 ut
1228 3734 1320 3806 superbi

263 3818 290 3869 τὸ
303 3817 393 3887 min.
811 3823 891 3880 postes
903 3830 926 3863 e.
942 3813 959 3863 i.
974 3832 998 3884 g.
1016 3832 1039 3864 a.

305 3898 354 3963 78.
371 3894 502 3967 Dryades,
519 3891 651 3963 Nympha
670 3891 771 3943 arbori·
856 3893 901 3960 89.
925 3892 1095 3963 Comparatio
1115 3912 1147 3945 eo
1163 3892 1319 3962 jucundior,

266 3976 440 4043 busoognatae
450 3986 477 4025 et
486 3990 616 4025 annexum
625 3971 676 4023 illis
686 3970 771 4023 latum
815 3988 867 4041 quo
882 3972 986 4024 rarior:
1001 3990 1052 4023 nec
1066 3972 1137 4025 enim
1155 3974 1242 4026 minus
1258 3990 1317 4025 cen·

266 4056 399 4108 babentes.
411 4054 552 4116 -Unus,
564 4054 691 4123 (luoesunt
703 4072 770 4123 quoe·
813 4048 875 4103 dida
897 4064 935 4102 est
955 4052 1051 4121 pruina
1069 4053 1144 4117 nive,
1158 4072 1209 4123 qua
1228 4068 1317 4103 omnes

262 4156 321 4210 que,
336 4151 386 4207 pto
397 4133 572 4202 (lucanaque.
812 4130 840 4183 in
856 4131 944 4205 haere
956 4144 1075 4185 utrmtur.
