3034 4900
284 437 356 507 128
498 437 574 506 CL.
603 436 902 506 CLAUDIANI
931 439 1122 509 XXVIII.

279 572 374 660 Quos
390 569 551 654 servavit,
567 582 665 639 amat.
680 572 755 638 Jam
771 570 979 643 flavescentia
995 587 1128 642 centum

278 662 443 746 Messibus
459 677 578 745 aestiva
593 674 774 745 detondent
789 678 940 772 Gargara
958 675 1080 766 sulces,

279 782 548 879 Spectandasque
563 784 683 851 iterum
698 780 781 851 nulli
794 781 994 854 celebrantia
1010 782 1105 854 ludos

279 888 498 960 circumflexa
515 889 601 982 rapit
616 902 776 957 centenus
791 888 910 958 sucula
926 888 1051 960 consul.

279 996 339 1065 His
355 995 465 1083 annis,
481 996 538 1089 qui
552 991 655 1063 lustra
671 994 753 1063 mibi
768 994 819 1070 bis
834 994 920 1064 dena
937 1012 1127 1085 recensent,

278 1103 401 1172 Nostra
417 1116 468 1170 ter
482 1105 648 1195 Augustos
663 1100 751 1168 intra
766 1103 927 1196 pomoeria
941 1101 1030 1187 vidi,

279 1207 497 1303 Temporibus
511 1207 630 1275 variis:
648 1204 764 1275 eadem
780 1206 838 1277 sed
854 1231 968 1278 caussa
984 1210 1115 1304 tropaeis

278 1311 393 1385 Civilis
410 1312 574 1383 dissensus
588 1326 681 1381 erat:
697 1336 819 1383 venere
835 1314 988 1409 superbi,

254 1503 258 1510 p
277 1418 408 1491 Scilicet
427 1433 465 1488 ut
480 1420 578 1489 Latio
595 1442 763 1513 respersos
781 1422 938 1515 sanguiue
952 1444 1070 1489 currus

278 1522 518 1620 Adspicereml
534 1526 751 1619 quisquamne
772 1528 835 1622 piae
856 1524 995 1597 laetanda
1013 1528 1141 1621 parenti

277 1634 442 1701 Natorum
459 1630 604 1701 lamenta
624 1631 747 1725 putet?
767 1634 893 1727 periere
911 1633 1061 1727 tyranni,

280 1737 346 1808 Sed
364 1738 460 1808 nobis
479 1737 606 1832 periere
624 1750 745 1806 tamen.
766 1739 881 1827 Quum
900 1736 1028 1809 Gallica
1045 1734 1145 1831 vulgo

277 1843 392 1915 Praelia
405 1844 564 1937 jactaret,
582 1845 685 1913 tacuit
701 1842 907 1933 Pharsalica,
927 1847 1061 1915 Caesar:
1300 1874 1340 1917 am

318 2044 385 2099 383.
394 2043 584 2096 lutracentum
591 2060 674 2094 annos
683 2053 723 2095 ter
732 2060 787 2095 πιο-
832 2043 955 2096 Honorio
968 2042 1121 2109 celebratis,
1136 2043 1228 2098 bansta
1237 2062 1269 2117 ex
1283 2043 1338 2096 boc

278 2122 453 2195 dodugustos
459 2120 788 2175 intramoeniaauaridisse
830 2123 890 2176 looo
902 2124 1030 2177 sententia
1043 2142 1057 2175 a
1071 2124 1186 2176 Beronio
1199 2136 1226 2177 et
1235 2123 1338 2177 Gotho·

279 2201 571 2267 Romammarmi
577 2199 725 2254 Claudiano
734 2220 789 2253 ma·
832 2200 908 2256 fredo
922 2222 929 2255 ε
944 2220 1026 2275 quam
1039 2202 1137 2257 refellit
1150 2204 1245 2275 Pagina
1260 2202 1294 2257 ad
1305 2204 1335 2255 Α.

278 2283 306 2337 lo
317 2280 440 2347 credere,
451 2299 532 2354 quam
543 2280 699 2353 perquirere
709 2299 739 2334 ea
752 2278 788 2333 de
834 2288 908 2349 qod,
925 2304 950 2337 a.

279 2362 788 2433 camaomnemlmperatorumacon·
880 2362 946 2433 393.
966 2362 1095 2415 Pomaria.
1115 2362 1278 2415 Pomoerium
1299 2370 1339 2414 est

278 2442 396 2497 nantino
409 2438 473 2494 iude
484 2436 520 2495 ad
531 2442 564 2494 A.
579 2440 611 2494 C.
630 2438 687 2498 tot
702 2439 787 2494 histo·
830 2442 904 2496 locus
917 2442 988 2495 intra
1004 2454 1031 2494 et
1046 2453 1118 2494 extra
1136 2442 1246 2506 urbem,
1257 2459 1337 2513 quem

278 2522 356 2576 riam.
830 2521 934 2592 antiqui
946 2521 974 2573 in
988 2518 1135 2574 condendis
1150 2521 1259 2573 urbibus
1271 2539 1336 2572 oon-

320 2602 386 2671 389.
402 2599 519 2671 Gargara
536 2599 628 2670 Mysia
644 2598 787 2653 fertilitatis
830 2601 981 2665 sectabant3
1003 2600 1041 2652 sic
1062 2597 1162 2652 dictum
1182 2617 1198 2653 a
1216 2601 1337 2653 Varrone

278 2699 376 2734 nomeu
391 2680 457 2734 faeta
472 2693 534 2733 aunt
551 2680 618 2734 :bic
630 2697 713 2732 annos
728 2690 787 2732 tau-
829 2681 903 2751 quasi
912 2682 1077 2750 portmuriam.

279 2773 337 2813 tum
345 2759 449 2829 signant
457 2776 606 2812 mesm—
616 2758 732 2830 Gargara
743 2777 787 2812 oa-
871 2759 936 2828 395.
944 2759 1027 2811 Civilis
1032 2759 1159 2823 diseamus,
1165 2757 1235 2811 bella
1241 2757 1337 2824 civilia,

280 2855 377 2892 cumen
391 2837 490 2891 montis
501 2835 568 2900 lde,
583 2839 692 2911 frugum
708 2838 787 2891 uber·
829 2852 900 2910 gesta
914 2850 1006 2892 contra
1023 2838 1107 2904 cives,
1124 2851 1169 2892 aut
1184 2851 1276 2892 contra
1292 2857 1337 2892 eos

280 2917 585 2972 tateaffluene.Pacatus:
594 2940 605 2961 ι
615 2917 787 2988 hincGaga-
830 2919 877 2990 qui
888 2917 987 2974 civium
998 2931 1098 2990 partem
1115 2918 1144 2970 in
1158 2917 1275 2972 exercitu
1289 2917 1337 2972 bu·

278 3019 310 3053 ra
321 3009 455 3070 proventu
466 2997 524 3050 late
533 2997 645 3052 uiticeo.
657 3023 669 3045 ι
683 2995 735 3050 Sed
748 2997 787 3051 ibi
829 2998 942 3063 bebant;
962 3009 1028 3070 puto
1049 2998 1150 3052 bellum
1169 2998 1338 3053 Constantini

277 3079 396 3151 Pa‘pqapa
405 3079 472 3138 πολις
483 3077 596 3143 Aletium
608 3077 724 3147 Gargara
731 3077 788 3129 urbs
830 3091 923 3132 contra
932 3079 1107 3146 Maxentium,
1118 3079 1268 3132 Constantii
1276 3097 1338 3131 con·

279 3160 396 3222 AEala'ra,
409 3157 543 3210 abAEoliae
551 3157 659 3228 populis
669 3155 786 3210 condita.
830 3171 872 3212 tra
891 3157 1089 3229 Magnentium,
1109 3158 1290 3213 Valentiniani
1311 3169 1338 3211 et

320 3239 387 3308 39ο.
400 3237 505 3301 Consul,
520 3237 548 3290 h.
562 3255 587 3290 e.
600 3255 684 3290 mnus
696 3249 787 3290 ceute·
830 3237 951 3291 Valentia
964 3250 1056 3291 contra
1069 3239 1231 3311 Procopium
1242 3250 1269 3291 et
1282 3236 1338 3289 Fir·

278 3317 361 3370 aimus
386 3317 457 3388 rapit
480 3335 511 3370 ac
533 3317 654 3371 celeriter
679 3314 789 3370 adducit
830 3315 1179 3384 mum‚Tbeodoaiioontra
1188 3317 1335 3388 Eugenium

278 3396 421 3461 seculum,
442 3396 628 3459 intervallum,
648 3413 702 3467 quo
724 3395 788 3449 alias
830 3409 857 3450 et
874 3397 1036 3461 Maximum,
1055 3398 1084 3451 in
1101 3399 1197 3470 quibus
1214 3395 1336 3449 omnibus

279 3474 337 3529 ludi
356 3475 491 3528 saculares
509 3475 629 3530 solebant
649 3475 786 3529 celebrari.
830 3477 905 3530 bellis
920 3477 996 3529 multi
1015 3479 1117 3530 romani
1136 3478 1205 3531 cives
1221 3475 1334 3547 periere.

279 3556 374 3610 Saeua
387 3554 506 3626 plurium
519 3573 632 3608 numero
645 3552 724 3622 dixit,
736 3573 787 3626 pu·
877 3556 942 3627 397.
962 3557 1097 3621 Laranda5
1111 3557 1211 3609 laudata
1226 3553 1335 3608 Sebeda

280 3649 325 3702 to,
343 3649 374 3690 ut
391 3632 534 3697 indicaret,
551 3653 607 3688 esse
622 3635 652 3686 iu
669 3635 722 3687 boc
736 3653 787 3686 uo-
830 3634 1088 3702 Gudianoe31artauda
1094 3637 1180 3690 Oxou.
1186 3633 1250 3688 inde
1256 3634 1335 3688 blein.

278 3716 354 3769 mine
361 3714 517 3768 relationem
527 3713 561 3768 ad
571 3716 662 3785 plura,
672 3732 785 3785 quorum
825 3715 943 3787 jactanda
949 3737 959 3778 ,·
968 3714 1016 3768 sed
1026 3714 1337 3786 sequiturjaetathide

279 3797 390 3867 quisque
405 3794 492 3849 saculi
507 3795 547 3847 sui
562 3807 664 3848 certum
680 3794 786 3846 initium
830 3793 863 3848 ad
873 3795 945 3848 Suet.
956 3795 1046 3848 Tiber.
1056 3795 1167 3847 LXXV.

279 3883 308 3926 et
324 3875 406 3927 linem
423 3886 554 3928 numerat.
571 3873 725 3926 Universim
741 3892 785 3926 or·
869 3873 1336 3947 400.Triumphoasplendidissimos

278 3952 340 4004 bem
358 3967 463 4006 centum
485 3972 615 4007 annornm
636 3951 786 4007 describere
828 3951 913 4008 edidit
925 3953 1012 4007 Cesar
1027 3953 1062 4008 de
1075 3953 1185 4028 reliquis
1198 3955 1288 4018 bellis;
1301 3953 1335 4005 de

277 4029 379 4094 voluit,
402 4033 468 4085 nibil
490 4034 612 4105 amplius.
635 4033 692 4086 Nec
713 4032 785 4086 enim
828 4033 1003 4105 Pompeiano,
1021 4047 1048 4087 et
1063 4035 1211 4091 Pharsalica
1223 4033 1333 4087 victoria

266 4108 408 4170 ¹audienda
425 4109 460 4164 de
478 4110 548 4165 ludia
567 4111 733 4167 sacularibus
750 4113 784 4166 ab
829 4132 890 4181 sua,
901 4133 957 4168 uon
969 4115 1041 4168 item.
