3034 4900
441 480 656 549 caunas
684 481 965 550 ranacums.
1155 481 1230 568 ara

72 604 77 621 ⁹
171 614 347 707 Dignaque
365 610 509 680 sidereos
525 624 604 705 post
621 611 771 679 membra
789 613 911 680 intrare
929 636 1101 697 recessus,

171 722 271 788 Posse
288 720 373 786 mori
388 742 487 813 quarn
502 718 566 786 vile
586 730 684 811 putat
701 744 708 784 :
727 742 871 811 namque
888 719 1030 814 impiger
1047 718 1136 787 ultro

170 824 291 917 Yadis,
310 839 345 893 et
357 824 524 893 immensae
539 837 704 893 scrutatus
722 823 818 891 devia
834 821 942 907 silvae,

170 936 213 1001 In
231 954 318 1000 nova
336 932 532 1025 sanguineos
549 946 733 999 armantem
751 928 889 998 vulnera
905 932 1019 1001 rictus.

170 1037 350 1107 Admonita
367 1037 515 1130 feritate,
527 1036 628 1129 juba,
640 1038 779 1130 visuque
798 1052 954 1107 cruentus

171 1144 327 1213 Excussis
344 1141 456 1211 move't
473 1167 565 1212 arma
584 1144 685 1226 toris,
703 1142 907 1236 dubiumque
927 1144 1071 1213 residens

171 1248 342 1318 Inlremit:
361 1249 489 1317 invadis
506 1248 692 1342 trepidum,
710 1247 852 1342 solisque
867 1249 995 1320 lacertis

173 1355 323 1425 Grandia
343 1356 523 1450 corripiens
535 1354 621 1442 ‚eliso
644 1368 778 1448 guttura
795 1380 926 1444 morsu,

171 1460 345 1531 Imbellem
368 1460 481 1529 fractis
502 1464 683 1555 prosternis
705 1460 856 1530 faucibus
873 1462 1012 1531 hostem.

172 1570 269 1636 Tunc
287 1581 322 1635 et
341 1567 521 1635 flavicomis
541 1567 701 1635 radiantia
722 1581 854 1661 tergora
876 1566 978 1655 villis,

174 1677 248 1743 Ceu
265 1670 405 1767 spolium
425 1672 498 1742 luso
517 1674 624 1741 vietor
639 1675 726 1767 rapis
744 1699 751 1740 :
774 1676 893 1743 emicat
910 1677 1017 1744 omnis

172 1783 217 1848 In
235 1776 347 1847 laudes
363 1805 441 1847 mox
458 1779 556 1847 turba
573 1793 666 1865 tuas,
681 1777 846 1873 longoque
865 1779 978 1850 relicta

175 1886 291 1955 Currit
308 1887 341 1952 in
362 1908 440 1953 arva
460 1900 569 1954 metu:
588 1884 683 1978 juvat
701 1887 768 1972 ire,
786 1901 820 1955 et
838 1885 939 1956 libera
956 1913 1056 1976 rura,

174 1990 404 2084 Defensosque
417 1991 529 2059 uidere
544 1989 654 2077 locos,
672 1991 853 2086 silvamque
864 1991 1014 2085 juvencis
1045 2038 1048 2043 -

174 2102 250 2167 Iam
269 2096 421 2181 facilem,
439 2113 474 2165 et
491 2097 589 2166 nullis
607 2112 799 2167 resonantes
818 2098 949 2167 lletibus
968 2123 1076 2195 agros.

230 2202 419 2271 Maenalium
438 2206 522 2298 petis
538 2203 614 2271 inde
632 2228 767 2287 nemus,
783 2204 958 2300 lletamque
973 2205 1098 2276 colonis

174 2309 372 2396 Arcadiam,
389 2326 423 2378 et
443 2310 568 2379 steriles
582 2334 658 2378 raro
670 2311 738 2402 jam
755 2311 875 2379 robore
894 2310 1000 2388 silvas,

174 2418 329 2510 Namque
347 2415 401 2486 hic
420 2418 579 2486 immensa
596 2416 821 2486 membrorum
841 2415 928 2488 mole
945 2434 1101 2490 cruentus
1204 2454 1240 2492 105

175 2523 364 2592 Indomitos
382 2524 541 2618 regnabat
559 2548 654 2618 aper,
668 2523 804 2618 soloque
818 2525 1009 2596 tremendus

177 2631 329 2723 Corpore
343 2628 463 2698 lunatis
481 2629 640 2698 fundebat
657 2630 810 2699 dentibus
828 2655 945 2718 ornos,

175 2735 416 2830 Sternebatque
430 2762 507 2804 suos
521 2734 668 2830 lugentia
681 2761 760 2805 rura
778 2735 923 2806 colonos.

177 2843 369 2912 Horrebant
382 2842 499 2911 trifidis
517 2845 681 2936 nigrantia
694 2867 837 2937 corpora
851 2846 948 2931 setis,

220 3029 267 3082 88.
277 3029 339 3080 Post
350 3028 452 3080 membre
461 3041 492 3081 ut
504 3047 531 3081 r.
547 3047 578 3080 rr
587 3033 688 3098 portui·
775 3033 836 3081 106.
851 3027 980 3100 Solidoque
994 3031 1065 3101 conj.
1077 3029 1169 3084 Heius.

176 3127 254 3160 scere.
271 3107 400 3178 Intelligit
414 3121 473 3180 post
492 3109 611 3160 membra
627 3127 686 3160 cor·
775 3108 1240 3179 107.Fr'ndebat‚Cuj.eonj.Heinsii.

176 3188 253 3261 poris
265 3188 384 3240 mortalis
394 3188 449 3259 ipsa
463 3201 549 3240 morte
557 3185 686 3258 deposita·
730 3218 772 3230 -·
784 3187 894 3240 Fundere
907 3201 946 3240 est
962 3187 1075 3258 dejicere
1091 3207 1098 3240 :
1117 3190 1154 3242 sic
1166 3191 1243 3258 sunda·

220 3285 267 3334 9².
281 3267 415 3319 Admonita
427 3269 528 3334 J'err'tete
541 3267 626 3320 leonia
646 3269 687 3319 vel
731 3266 859 3319 dicuntur
872 3267 969 3322 hostes.
989 3266 1041 3322 Sed
1061 3281 1164 3320 sternere
1183 3289 1242 3322 rure

178 3349 215 3400 ab
224 3347 355 3410 Hercule,
365 3349 408 3400 rel
419 3361 557 3418 postquam
574 3347 631 3418 ipse
642 3347 687 3398 leo
733 3359 773 3399 est
783 3359 870 3400 rostro
885 3365 964 3400 ruere
978 3365 1008 3401 ac
1024 3359 1147 3402 vertere:
1167 3349 1241 3414 hoc,

177 3426 688 3481 feritatemsuamvolutexcitevit.Plin.
733 3427 1241 3499 pulchrametaphora,lugeredicuntur

177 3506 264 3571 VIII,
283 3509 316 3558 16
333 3524 355 3558 s.
375 3524 429 3576 19:
446 3534 458 3554 ι
469 3509 590 3559 Leonum
609 3506 691 3559 animi
734 3523 796 3559 suos
809 3507 927 3559 colonos.

177 3584 261 3639 iudet
276 3584 410 3639 cauda...
427 3587 460 3638 ln
470 3587 607 3657 principio
620 3582 690 3647 (ira-
779 3603 839 3654 ¹⁰9·
853 3587 977 3638 Horrebat
991 3588 1093 3656 regulis.
1108 3626 1132 3640 ..
1148 3601 1243 3658 tergora
1276 3575 1278 3578 ¹

177 3657 309 3732 cundia)
324 3677 394 3718 terra
411 3667 583 3729 verberatur,
603 3667 691 3717 incre·
736 3677 762 3715 et
783 3683 846 3718 mox
868 3679 975 3737 tutosque
997 3669 1068 3737 conj.
1090 3667 1181 3719 Helns.
1203 3699 1243 3710 -
1274 3725 1276 3730 ,

177 3757 274 3798 mento
293 3757 366 3816 terga
390 3763 438 3799 een
462 3743 579 3817 quodam
598 3745 691 3798 incite-
739 3743 845 3814 Trrfidas
863 3757 925 3797 setar
940 3763 990 3798 cur
1004 3746 1048 3797 hic
1062 3747 1183 3816 posuerit
1198 3765 1244 3800 au·

178 3837 273 3877 mento
288 3823 462 3895 flagellentur.
482 3851 494 3872 ι
734 3835 809 3888 etor,
830 3843 945 3878 menon
964 3825 1113 3895 intelligere
1136 3826 1244 3880 fateor:

223 3907 270 3973 94.
281 3905 475 3977 Tumidumcuj.
485 3905 614 3978 solidisque
622 3907 693 3974 conj.
736 3905 847 3956 morbus
870 3921 925 3956 esce
948 3901 1070 3969 videtur,
1091 3905 1139 3976 qul
1166 3905 1245 3961 findit

179 3983 276 4037 Heius.
736 3983 806 4053 pilos
819 4001 849 4034 ac
862 3999 928 4036 aetas
944 3983 1108 4038 animalium.
1121 3987 1247 4040 Commu·

221 4063 269 4133 95.
281 4064 359 4117 Elusa
372 4082 388 4115 e
398 4067 467 4132 conj.
479 4063 571 4117 Heius.
736 4081 800 4115 uem
813 4066 840 4115 in
853 4063 931 4116 suillo
943 4081 1038 4134 genere
1051 4077 1165 4118 setarum
1178 4068 1247 4120 banc

224 4143 460 4213 marramque,
475 4143 534 4212 cej.
738 4156 862 4196 naturam
887 4145 1082 4212 concesserim:
1105 4145 1139 4198 ad
1165 4149 1248 4200 robur
