3034 4900
254 459 329 542 add
482 456 555 523 CL.
584 453 884 522 CLAUDIAM
911 454 1072 522 XXXV.

252 587 353 680 Quod
371 588 481 682 superi
499 610 649 654 meruere
667 583 766 654 semel
786 612 793 652 2
813 609 874 654 nec
892 584 1004 654 mollia
1022 585 1141 657 desunt

251 701 351 766 Prata
366 694 425 763 tibi
441 720 450 780 3
473 693 630 787 Zephyris
647 689 712 760 illic
730 690 920 760 melioribus
937 691 1051 760 halant
1150 757 1154 765 .

252 802 408 896 Perpetui
426 799 541 886 flores,
557 823 640 892 quos
658 823 718 867 uec
737 813 795 867 tua
811 797 948 892 protulit
966 803 1092 870 Henna.

252 911 314 978 Est
329 908 427 975 etiam
446 904 527 974 lucis
544 905 644 973 arbor
660 905 818 998 praedives
834 906 964 999 opacis,

252 1012 429 1108 Fulgentes
446 1011 541 1080 viridi
560 1035 670 1080 ramos
686 1025 823 1080 curvata
839 1010 988 1080 metallo:

252 1124 330 1189 Haec
346 1119 405 1188 tibi
423 1142 515 1188 sacra
532 1116 630 1186 datur
646 1143 655 1204 ;
675 1117 944 1212 fortunatumque
960 1118 1084 1187 tenebis

252 1229 477 1312 Autumnum,
495 1239 529 1292 et
543 1222 640 1292 firlvis
658 1249 788 1318 semper
802 1223 948 1293 ditabere
965 1226 1083 1318 pomis.

311 1361 327 1396 ιι
337 1335 443 1401 Parva
460 1330 579 1424 loquor
598 1356 605 1398 :
625 1329 783 1424 quidquid
798 1327 940 1424 liquidus
957 1331 1185 1426 complectitur
1200 1353 1271 1417 aer,

253 1435 422 1532 Quidquid
438 1435 495 1505 alit
512 1434 628 1520 tellus,
646 1435 804 1532 quidquid
822 1435 896 1506 salis
912 1462 1043 1530 aequora
1062 1452 1215 1521 verrunt,
1273 1468 1310 1518 29⁵

254 1543 354 1634 Quod
370 1544 461 1611 fluvii
477 1541 633 1628 volvunt,
648 1541 738 1638 quod
754 1544 921 1612 nutrivere
938 1543 1091 1638 paludes,

253 1655 383 1720 Cuncta
402 1651 465 1718 tuis
481 1651 604 1744 pariter
619 1648 737 1718 cedent
754 1648 906 1720 animalia
922 1655 1049 1744 regnis,

252 1758 377 1826 Lunari
396 1755 542 1848 subjecte
559 1754 676 1849 globo,
695 1757 751 1848 qui
768 1757 925 1850 septimus
940 1781 1037 1826 auras

251 1863 382 1948 Ambit,
400 1876 433 1931 et
451 1861 578 1930 aeternis
593 1859 744 1930 mortalia
761 1877 892 1956 separat
908 1864 1011 1932 astris.

310 1968 410 2038 «Sub
431 1983 487 2037 tua
504 1970 663 2062 purpurei
683 1969 816 2037 venient
834 1971 971 2064 vestigia
987 1993 1097 2064 reges,
1274 1997 1311 2033 e..

251 2077 412 2170 Deposito
428 2074 527 2163 luxu,
547 2073 643 2142 turba
659 2099 736 2143 cum
754 2099 899 2170 paupere
917 2077 1013 2145 misti.

252 2184 373 2251 Omnia
389 2206 479 2250 mors
495 2195 603 2274 aequat
620 2207 628 2248 τ
645 2196 681 2249 tu
700 2182 896 2252 damnatura
917 2198 1092 2270 nocentes3

251 2291 304 2357 Tu
321 2291 466 2382 requiem
485 2287 671 2381 laturupiis
690 2303 751 2362 :te
765 2289 876 2382 judice
894 2305 1004 2360 sontes

294 2464 358 2531 ¹87·
379 2462 468 2515 Mollia
478 2472 552 2530 prata
566 2478 623 2513 esse
643 2458 759 2526 debent,
803 2462 916 2533 peilliue
926 2463 1089 2515 mentionem
1099 2460 1162 2512 facit
1171 2457 1311 2521 Horatius,

251 2541 285 2594 de
299 2542 396 2613 quibus
410 2542 485 2611 Virg.
497 2544 558 2593 AEn.
574 2540 630 2601 v1,
647 2544 718 2599 tas:
803 2541 875 2613 apud
887 2561 970 2612 quem
979 2544 1014 2594 V.
1022 2541 1055 2593 G.
1066 2540 1195 2600 Tiresias,
1205 2537 1259 2589 Sat.
1270 2538 1311 2597 fl,

251 2639 297 2677 Pur
309 2636 546 2688 iugnmineirererceut
560 2634 644 2672 membra
656 2632 759 2686 pataertris.
805 2622 821 2673 5
840 2634 906 2673 extr.
927 2621 971 2671 sed
987 2640 1040 2681 me,
1059 2617 1164 2687 inquit,
1182 2617 1311 2685 Imperiosa

251 2738 290 2749 -
305 2710 413 2760 Deorum
433 2708 476 2759 vel
498 2706 555 2759 sine
577 2704 687 2775 Scriptis
708 2703 759 2773 legi
804 2702 879 2750 mlu't
897 2700 1049 2768 Proserpina.
1066 2696 1141 2761 Quin
1154 2696 1208 2766 Jam
1226 2695 1311 2765 Hyrn-

248 2788 323 2857 jubet
336 2786 428 2838 Heius.
443 2784 522 2837 Certe
535 2785 572 2838 sic
587 2784 703 2853 optimos
717 2800 759 2833 so·
802 2778 1000 2849 nusOrpbr'cus
1006 2774 1186 2834 Eumenidum
1193 2774 1313 2828 iilamar·

249 2868 321 2929 lere,
335 2861 460 2915 ostendit.
801 2859 898 2911 bitrem
916 2870 942 2909 et
960 2856 1078 2928 judicem
1095 2855 1222 2908 scelerum
1239 2854 1309 2909 facit.

292 2962 354 3011 ²9⁰·
369 2942 432 2993 Herc
446 2953 485 2993 est
497 2942 541 2993 illa
552 2942 647 3005 arbor,
661 2939 695 2992 de
708 2958 759 3009 qua
802 2937 919 2989 Plurain
928 2937 1037 3008 Hymno
1046 2936 1128 3007 ipsius
1137 2936 1310 3005 Pmserpinae.

248 3040 351 3075 ramum
366 3020 509 3092 decerpere
521 3019 635 3072 debebat
646 3023 760 3085 AEneas,
845 3020 909 3085 ²98·
923 3017 1026 3069 Globus
1041 3016 1086 3068 ilie
1101 3034 1180 3069 cavus
1190 3055 1198 3080 ,
1210 3016 1311 3085 spbrera

250 3106 309 3155 AEn.
324 3104 380 3166 vl,
400 3106 466 3163 πάι·
802 3096 848 3149 illa
861 3097 991 3167 septima,
1006 3115 1065 3167 qure
1077 3095 1186 3149 infixam
1200 3095 1251 3148 sibi
1264 3095 1311 3145 bu·

290 3202 354 3251 ²9²·
365 3181 429 3233 Hoec
442 3178 485 3231 tibi
494 3196 563 3231 sacra
573 3176 662 3239 datm,-
670 3195 758 3229 ramus
801 3177 848 3229 bet
860 3177 963 3235 lunam,
974 3178 1056 3229 {inem
1067 3176 1207 3229 constituit
1220 3192 1310 3227 rerum

248 3279 344 3313 aureus
356 3277 429 3313 sacer
439 3271 478 3313 eet
491 3258 655 3328 Proserpinre
665 3298 672 3323 ,
684 3256 759 3327 quod
802 3257 946 3310 mutationi
959 3256 1134 3309 obnoxiarum
1148 3268 1176 3308 et
1186 3256 1311 3308 immutu-

248 3358 343 3390 aurum
363 3339 441 3391 lateat
457 3338 484 3390 in
505 3337 566 3389 imis
587 3350 661 3389 terrie
675 3336 757 3389 visce-
801 3336 905 3389 bilium.
917 3337 973 3389 Cic.
984 3336 1076 3388 Somn.
1092 3336 1165 3406 Scip.
1185 3343 1219 3397 4:
1238 3360 1249 3380 ι
1264 3334 1308 3384 In-

247 3418 330 3469 ribus.
802 3416 842 3468 fra
862 3417 953 3470 lunam
967 3416 1036 3469 nihil
1053 3428 1111 3480 est,
1131 3415 1182 3467 nisi
1200 3412 1310 3465 mortale

225 3502 229 3513 ¹
290 3496 354 3563 293.
370 3494 491 3546 Dotobere
502 3494 559 3547 MS.
739 3558 745 3567 .
802 3508 829 3547 et
850 3494 996 3560 caducum,
1013 3506 1110 3567 praeter
1129 3494 1244 3547 animos·

290 3582 354 3644 ²94·
369 3574 496 3643 Magnum
513 3592 574 3627 sane
593 3588 631 3627 est
650 3576 757 3627 Proser·
801 3594 882 3646 supra
894 3575 985 3629 lunam
995 3588 1058 3629 sunt
1070 3586 1168 3627 eterna
1182 3572 1272 3625 omnia
1284 3596 1308 3622 ι.

246 3654 316 3725 pinu
326 3671 447 3724 regnum.
458 3652 599 3725 Quidquid
608 3656 678 3707 enim
686 3654 758 3725 apud
801 3655 952 3709 Macrobius
974 3654 1008 3707 ad
1029 3655 1057 3706 b.
1082 3656 1101 3707 Ι.
1124 3655 1154 3715 Ι,
1175 3672 1225 3717 ar,
1240 3652 1311 3704 inter

246 3752 372 3804 superos,
391 3734 522 3799 moritur,
541 3734 629 3804 perit,
646 3732 757 3805 dissipa·
802 3734 867 3799 alia,
889 3762 900 3782 ι
917 3735 991 3787 Sicut
1006 3734 1112 3787 etheris
1129 3743 1156 3784 et
1175 3732 1258 3796 aeris,
1273 3730 1309 3782 ita

246 3826 303 3877 tur,
313 3814 433 3865 sensibus
442 3814 581 3865 hominum
593 3812 758 3881 subducitur,
801 3812 954 3866 divinorum
966 3828 992 3867 et
1003 3813 1163 3867 caducorum
1172 3812 1236 3864 luna
1247 3828 1310 3862 cou-

245 3890 313 3944 illud
322 3894 396 3945 veuit
405 3892 548 3953 inHadeu,
561 3890 594 3945 ad
604 3894 755 3947 Plutonem.
801 3893 896 3945 finium
908 3907 948 3947 est
962 3920 986 3947 ι.

245 3970 339 4039 Neque
352 3990 416 4025 vero
431 3972 582 4027 inauditum
595 3972 695 4045 aliquid
708 3974 757 4025 iin-
842 3974 903 4026 300.
917 3976 1053 4045 Purpurer',·
1071 3973 1145 4026 color
1157 3972 1203 4023 bic
1216 3987 1307 4040 regum

245 4049 284 4119 git
300 4050 409 4111 Noster,
428 4048 462 4102 de
481 4054 753 4109 communicatorum
803 4066 842 4106 est
862 4072 892 4106 uc
911 4051 1083 4125 principum,
1101 4071 1168 4123 quos
1188 4048 1307 4103 sicelio·

245 4129 404 4199 Proserpina
415 4129 563 4185 inferorum
573 4133 694 4203 imperio.
705 4132 755 4185 Se·
798 4133 892 4203 quitur
901 4132 980 4188 Sacra
988 4134 1137 4204 Scriptura:
1148 4158 1159 4179 ι
1172 4131 1231 4201 Ego
1239 4124 1307 4179 dixi:
