3034 4900
412 455 483 523 DE
509 454 566 522 vl
597 453 741 523 CONS.
771 452 1015 521 HONORII.
1166 476 1230 525 121

170 592 245 660 Hoc
263 587 372 682 magis
393 599 561 655 exsertum
583 608 734 679 raperem
752 584 950 654 succinctior
968 608 1098 680 agmen.

172 700 272 783 Heu,
293 694 415 788 quibus
432 691 575 778 insidiis,
592 715 658 785 qua
677 716 732 762 me
752 690 970 760 circumdedit
989 705 1060 761 arte
1201 724 1241 763 ³00

171 800 295 873 Fatalis
309 824 441 894 semper
458 793 617 868 Stilicho!
637 796 717 866 dum
735 820 871 892 parcere
891 796 1004 891 fingit,

172 906 330 978 Rettudit
348 903 486 975 hostiles
502 906 650 989 animos,
671 901 860 997 bellumque
881 928 1032 973 remenso

173 1012 313 1085 Evaluit
331 1011 512 1081 transferre
532 1009 632 1080 Pado.
650 1006 757 1079 Proh!
780 1009 904 1079 foedera
921 1034 1009 1079 saevo
1062 1086 1068 1103 ,

176 1120 357 1191 Deteriora
371 1113 472 1212 jugo!
489 1131 569 1186 tuuc
587 1118 636 1185 vis
654 1118 813 1186 exstincta
829 1118 1005 1205 Getarum;

175 1229 275 1296 Tunc
292 1224 396 1311 milri,
412 1238 493 1292 tunc
510 1221 614 1292 letum
630 1223 763 1318 pepigi:
781 1220 957 1291 violentior
973 1224 1073 1295 armis
1203 1248 1240 1287 so

178 1330 347 1401 Omnibus
366 1343 534 1424 expugnat
551 1343 699 1397 nostram
720 1326 894 1399 clementia
916 1343 1057 1423 gentem.

178 1440 277 1508 Mars
296 1436 428 1532 gravior
443 1434 506 1504 sub
522 1458 606 1530 pace
623 1434 727 1522 latet,
748 1436 926 1529 capiorque
943 1436 1086 1507 vicissim

179 1542 369 1614 Fraudibus
389 1543 459 1637 ipse
476 1543 567 1611 meis.
586 1542 671 1630 Quis
688 1541 757 1635 jam
778 1539 892 1611 solatia
909 1540 994 1611 fesso
1022 1606 1023 1611 ,

180 1646 410 1720 Consiliumve
431 1645 542 1717 serat?
556 1648 665 1717 socius
683 1648 866 1742 suspectior
884 1647 1002 1717 hoste:

181 1758 293 1850 Atque
314 1756 440 1823 utinam
463 1766 601 1823 cunctos
617 1750 763 1823 licuisset
783 1752 921 1848 perdere
940 1750 1046 1824 bello!
1205 1784 1243 1820 s...

181 1864 273 1933 Nam
292 1862 439 1955 quisquis
456 1860 543 1929 duro
561 1859 682 1929 cecidit
698 1861 899 1946 certamine,
918 1884 1100 1955 numquam

182 1969 292 2038 Desiit
310 1990 382 2036 esse
402 1991 497 2036 meus
513 1964 659 2035 :melius
678 1990 839 2035 mucrone
855 1968 1023 2060 perirent,

183 2072 404 2168 Auferretque
422 2072 506 2141 mihi
527 2070 620 2143 luctu
642 2070 765 2141 leviore
781 2070 909 2141 sodales

235 2301 302 2352 299.
316 2284 371 2336 Hoc
384 2287 460 2354 mgis
472 2295 609 2337 mertum.-
624 2296 697 2350 esto,
783 2283 848 2336 306.
862 2282 1002 2347 Clementia,
1014 2301 1072 2354 quse
1081 2282 1119 2336 sic
1127 2302 1249 2337 securum

190 2362 306 2417 Romani
316 2363 462 2418 retinebant
471 2376 577 2417 nostros
586 2364 698 2430 liberos,
741 2363 841 2417 feceret
862 2362 967 2417 hostem
979 2401 988 2428 ,
1011 2361 1124 2435 ideoque
1149 2362 1251 2417 facilius
1277 2415 1279 2423 ,

189 2463 291 2511 murras,
306 2441 436 2515 predam
456 2442 504 2498 sed
526 2440 587 2497 ideo
605 2444 698 2498 abhis
741 2441 1251 2518 vincendum,quiaclenrentiasperata

186 2521 387 2595 impedimentis
411 2543 460 2595 ego
485 2524 634 2588 liberatus,
654 2543 698 2578 rs·
741 2526 800 2595 ejus
814 2523 916 2578 animos
928 2523 1068 2578 mollierat.

186 2604 305 2676 pmssem
317 2604 396 2657 citius
411 2604 500 2677 copias
514 2603 697 2676 expeditiores.
784 2601 848 2674 307.
868 2605 900 2656 In
921 2603 973 2656 hoc
990 2605 1057 2657 bene
1074 2603 1188 2657 consulit
1202 2623 1249 2674 pa·

230 2682 296 2738 dos.
314 2683 437 2747 Retmdit,
458 2684 547 2736 minus
566 2701 653 2737 acrem
667 2696 700 2736 'et
742 2696 822 2736 trono
835 2701 883 2736 suo
894 2681 1049 2749 stilichoni,
1062 2681 1135 2756 quod
1147 2683 1252 2737 inducit

187 2763 264 2818 velut
288 2763 413 2817 hebetem
437 2760 556 2816 reddidit
581 2763 699 2816 mimum
743 2763 915 2833 confitentem
924 2763 1074 2830 Alaricum,
1087 2776 1253 2828 artesesus,

188 2861 297 2909 meum,
309 2844 394 2914 paulo
408 2853 469 2896 ente
481 2841 615 2896 hostilem.
628 2841 701 2895 Solet
743 2840 881 2896 fraudibus
895 2843 947 2895 suis
961 2856 1077 2914 captum.

186 2923 291 2977 Noster
301 2923 348 2976 ilio
359 2923 444 2976 verbo
455 2922 601 2991 prasertim
614 2920 648 2975 de
662 2923 702 2975 lu·
787 2922 851 2978 308.
866 2922 1019 2986 Fraudibus
1029 2923 1149 2976 Alaricus
1164 2932 1253 2976 osten·

187 3000 321 3057 einr-diis
328 3003 385 3067 uti,
397 3018 481 3073 quum
489 3001 548 3068 illi,
559 3013 591 3056 ut
601 3001 701 3072 sagitta
743 3000 824 3055 debat
831 3001 1007 3068 clementiam,
1015 3020 1117 3073 pacem,
1125 3003 1253 3074 quietem,

189 3081 312 3145 obtuse,
332 3083 421 3134 minus
438 3095 500 3134 sunt
515 3080 702 3153 penetrabiles
745 3082 821 3135 etsie
833 3083 995 3136 occasionem
1006 3082 1144 3135 invenerat
1156 3082 1253 3133 Romo·

190 3159 279 3227 Quod
293 3159 423 3232 duplicata
440 3173 480 3214 est
499 3173 563 3232 post
576 3161 703 3233 syllabam
746 3179 843 3214 norum
858 3159 1071 3229 vincendorum,
1082 3160 1193 3214 Stilicho
1208 3159 1255 3212 iis·

190 3261 222 3292 re
235 3240 323 3312 prims
335 3241 408 3293 verbi
422 3258 582 3302 consonans,
600 3252 704 3312 poterat
745 3238 808 3294 dem
824 3241 923 3294 artibus
937 3259 1000 3295 usus
1013 3253 1052 3294 est
1063 3239 1097 3294 sd
1109 3238 1254 3293 vincendos

189 3318 275 3374 etism
284 3319 441 3384 intermitti,
450 3339 533 3392 quum
539 3320 635 3392 optimi
644 3320 704 3392 qui·
746 3320 844 3374 Alarici
854 3321 950 3382 socios,
965 3339 1080 3393 eumque
1092 3321 1142 3373 hac
1152 3319 1256 3373 ratione

190 3419 246 3472 que
263 3399 328 3453 libri
343 3419 404 3453 eam
421 3400 548 3471 syllabam
563 3400 705 3472 ancipitem
747 3412 775 3454 et
787 3398 980 3453 debilitandum
993 3411 1021 3454 et
1033 3398 1223 3472 superandum.

191 3498 250 3537 este
261 3478 415 3534 ostendant.
428 3478 481 3533 Sed
494 3479 598 3534 dictum
609 3478 705 3534 lrac'de
796 3480 862 3533 dra.
880 3481 981 3544 Desiit5
998 3480 1046 3552 qui
1065 3499 1116 3553 pro
1137 3497 1181 3532 me
1205 3497 1257 3550 pu·

195 3559 564 3706 ”titiam
577 3637 706 3705 mee
747 3557 1257 3710 tit-'titilletttt‘tttttt

199 3733 256 3787 quo
269 3718 350 3771 stom
365 3732 494 3789 tanquam
510 3735 590 3771 muro
603 3737 659 3772 sese
673 3721 707 3772 ab
749 3737 842 3773 omnes
854 3720 969 3774 amisisse
978 3721 1007 3772 in
1018 3719 1125 3789 prasii03
1138 3716 1175 3769 sic
1186 3715 1258 3768 enim

200 3795 307 3848 Alarico
316 3809 447 3852 tueretur.
457 3799 601 3852 —Foedem
609 3819 619 3852 .·
628 3797 708 3852 frede·
749 3819 806 3853 non
819 3817 861 3852 me
876 3797 1046 3862 desererent,
1063 3817 1113 3850 nec
1127 3796 1258 3849 violarent

197 3875 242 3930 ris
261 3885 289 3927 et
307 3876 473 3931 indudmum
490 3892 610 3949 tenpore
624 3879 708 3950 copie
751 3877 841 3932 iidem.
861 3879 920 3932 Hoc
939 3877 1106 3930 Justinisnus
1126 3873 1258 3942 credidit,

192 3954 301 4009 Alarici
315 3956 495 4029 elanguerunt.
509 3957 706 4023 Tacitus,Hist.
751 3958 817 4012 dum
826 3957 998 4028 scripsiteos,
1009 3955 1056 4026 qui
1063 3973 1114 4027 pro
1121 3956 1258 4027 republica

193 4035 241 4100 11,
252 4033 289 4086 32
302 4037 416 4092 :mults
425 4039 498 4090 bella
511 4038 612 4107 impeto
620 4037 706 4091 valida
752 4035 866 4101 cadunt,
874 4035 901 4087 in
911 4047 1073 4106 perpetuum
1085 4055 1134 4108 per
1144 4035 1256 4108 gloriam

192 4135 245 4186 per
253 4113 334 4170 redte
346 4134 473 4172 sonoras
486 4133 644 4170 arnume.»
751 4115 849 4170 vivere.
863 4115 972 4179 Desinit,
984 4115 1092 4180 Desinet,
1108 4115 1160 4170 alii.
