3034 4900
315 455 384 522 DE
412 452 586 521 RAPTU
611 449 861 520 PROSERP.
889 454 985 522 LlB.
1013 454 1039 521 Ι.
1137 477 1202 548 ι9ι

144 588 289 656 Cesserit
307 586 449 654 inventis
464 583 621 654 Dodonia
639 608 780 680 quercus
795 585 910 654 aristis.

196 695 277 762 Dux
298 692 398 762 Erebi
421 689 591 785 quondam
613 690 756 760 nimidas
777 692 898 760 exarsit
911 692 947 758 in
969 693 1034 760 iras

143 797 261 868 Praelia
276 813 428 868 moturus
445 797 597 891 Superis,
617 796 706 891 quod
728 795 817 867 solus
836 811 948 892 egeret

143 905 332 990 Conuubii,
347 902 539 998 sterilesque
553 903 610 972 diu
627 919 836 974 consumeret
854 927 973 991 anuos,

143 1013 328 1106 Impatiens
346 1011 472 1080 nescire
488 1023 618 1097 torum,
632 1008 803 1104 nullasque
816 1011 926 1078 mariti
1186 1037 1210 1076 ³⁵

142 1115 347 1205 lllecebras,
369 1141 431 1186 nec
451 1114 547 1185 dulce
565 1118 668 1211 patris
686 1140 886 1211 cognoscere
906 1139 1037 1184 nomen.

142 1227 221 1293 Jam
239 1245 456 1318 quascumque
476 1221 580 1292 latent
595 1220 688 1291 ferali
702 1238 849 1292 monstra
862 1221 1019 1290 barathro

142 1333 185 1398 In
202 1343 330 1398 turmas
348 1331 519 1423 aciemque
536 1343 655 1416 ruunt,
672 1343 853 1423 contraque
871 1332 1055 1398 Tonantem

144 1435 336 1528 Conjurant
353 1437 458 1504 Furiae
472 1461 482 1522 ς
502 1436 684 1529 crinitaque
701 1435 849 1504 sontibus
866 1435 979 1530 hydris

144 1541 348 1636 Tisiphone,
369 1543 520 1635 quatiens
536 1541 679 1611 infausto
700 1539 826 1610 lumine
843 1543 977 1636 pinum,
1191 1571 1216 1614 a.

145 1649 304 1716 Armatos
325 1646 367 1715 ad
389 1662 497 1718 eastra
512 1662 611 1718 vocat
632 1646 787 1742 pallentia
804 1651 932 1718 Manes.

200 1755 300 1822 Paene
318 1751 487 1823 reluctatis
505 1756 625 1823 iterum
644 1755 826 1849 pugnantia
844 1754 944 1823 rebus

147 1860 330 1954 Rupisseut
348 1858 512 1929 elementa
528 1859 649 1946 fidem,
668 1860 864 1955 penitusque
879 1858 1011 1930 revulso

149 1969 313 2054 Caruere,
330 1964 448 2035 laxatis
466 1968 571 2062 pubes
588 1967 720 2036 Titania
737 1966 855 2036 vinclis

154 2176 277 2247 copioso,
295 2175 328 2230 ad
342 2175 530 2230 aumantium
544 2195 593 2249 per
607 2177 664 2231 bie·
686 2197 688 2204 ·
708 2176 794 2248 pbum
813 2188 840 2230 et
861 2175 978 2228 Platonis
1000 2172 1220 2248 medicorumque

156 2273 218 2308 rnen
231 2267 311 2327 apto,
325 2269 374 2310 eto.
388 2257 504 2310 Pulchre
520 2259 664 2328 flatumque·
707 2256 854 2309 rationibus
878 2252 1123 2318 accommodatum,
1145 2255 1219 2327 quod

158 2336 213 2404 γῖαν
231 2335 302 2388 illam
320 2354 378 2389 cum
400 2337 504 2409 reliqua
523 2338 584 2390 vite
603 2338 665 2390 bar·
708 2347 835 2406 negatum
847 2334 959 2388 Veneris
971 2353 1050 2388 usum
1060 2335 1087 2387 iu
1100 2335 1220 2388 furorem

158 2413 231 2470 baris
245 2427 272 2469 et
287 2414 401 2471 feditate
417 2417 555 2489 conjungit
572 2417 665 2471 Horat.
708 2416 783 2470 exire
794 2415 872 2489 ponit
886 2433 893 2468 ε
908 2416 981 2469 hunc
994 2415 1113 2468 furorem
1128 2415 1220 2468 umida

158 2494 208 2549 Sat.
223 2496 251 2561 1,
265 2514 318 2556 ιιι,
335 2516 372 2567 99
387 2514 445 2569 sqq.
460 2515 467 2549 :
709 2500 746 2548 ὑπ
760 2497 855 2567 signat.
870 2497 963 2548 Ducem
976 2496 1052 2548 Erebi
1065 2508 1143 2549 rorat
1155 2495 1217 2548 Plu-

157 2603 222 2655 Qum
229 2608 449 2661 prorepseruntpriurls
459 2608 631 2658 animalinern'a,
710 2589 816 2639 ionem,
844 2588 974 2647 (Tmtenus
1005 2574 1083 2628 Erebi
1110 2575 1220 2627 nomine

155 2673 230 2715 nrm„
240 2686 259 2717 ,ι
268 2687 329 2732 '¹²1³‘
339 2692 410 2732 μω,
422 2676 513 2730 glandem
525 2688 584 2731 nque
596 2676 666 2717 netu·
710 2674 785 2727 reque
800 2668 880 2726 atque
898 2656 981 2707 altero
1001 2654 1150 2706 inferorum
1166 2655 1219 2708 uti·

179 2754 259 2799 prepter
711 2749 766 2789 tur.
787 2735 919 2788 Ceterum
938 2735 991 2786 boe
1009 2734 1089 2787 Erebi
1111 2734 1221 2786 nomine

157 2812 257 2867 aquo..
267 2825 288 2855 η
299 2816 385 2868 mse,
399 2816 447 2857 ae„
461 2817 557 2861 rmum.
568 2829 627 2871 equs
640 2820 667 2859 m
709 2812 783 2867 idem
802 2815 859 2867 tere
881 2832 912 2865 ae
932 2813 1033 2877 Chaos,
1056 2814 1220 2867 tenebricosa

180 2900 237 2939 W
710 2911 802 2946 rerum
810 2892 930 2945 omniurn
940 2893 1046 2946 miscela
1054 2904 1081 2945 et
1089 2894 1221 2954 confusio,

159 2953 351 3008 hwhnrrnu,
362 2966 400 2996 ‘¹⁶'
663 2994 669 3007 ·
711 2972 881 3043 significatur.

159 3048 384 3105 Sedbistoriolam
392 3048 486 3104 damus
494 3050 529 3104 ad
537 3052 643 3105 XXXV
646 3053 668 3119 Ι,
753 3052 799 3121 37.
814 3052 901 3104 Ferale
916 3050 1071 3112 beratbnsm,
1088 3050 1164 3105 sedes
1178 3053 1221 3105 in·

159 3130 203 3193 43.
213 3132 330 3183 Dodonia
339 3150 438 3203 quercus
447 3144 473 3184 et
482 3132 576 3184 similia
583 3124 670 3203 poclis
712 3131 831 3184 felicium
847 3131 1011 3195 animarum,
1025 3132 1160 3183 Tartarus.

159 3209 293 3279 placuere,
307 3224 341 3263 ut
353 3211 432 3264 simul
444 3210 619 3265 admouerent
626 3214 670 3283 ju·
753 3218 799 3274 40.
813 3212 902 3263 Pinum
915 3228 971 3263 non
984 3222 1050 3280 puto
1062 3213 1099 3263 ita
1112 3209 1181 3277 diei,
1191 3222 1222 3264 ut

161 3289 244 3345 uiores
254 3289 288 3344 de
300 3290 399 3363 patriis
408 3310 499 3343 rerum
513 3310 670 3363 quacunque
712 3301 811 3346 totam.
828 3288 1051 3365 quemadmodum
1066 3292 1094 3343 in
1108 3291 1221 3352 Cerere,

161 3384 234 3423 musa
244 3371 389 3423 nobilium.
402 3371 435 3423 In
448 3372 603 3423 universum
616 3372 671 3425 hoc
712 3371 754 3423 vel
771 3371 884 3441 Giganta
899 3370 1005 3441 aliquo,
1021 3370 1145 3423 arborem
1158 3370 1223 3423 velit

162 3444 264 3502 ridetur
293 3450 436 3503 consilium
466 3464 607 3522 poetarum
637 3452 670 3504 ab
712 3450 841 3522 intelligi,
855 3448 902 3504 sed
914 3449 1071 3520 simpliciter
1084 3450 1167 3504 facem
1180 3451 1223 3522 pi·

166 3524 275 3580 llomero
298 3528 365 3583 inde
388 3530 482 3594 luisse,
507 3541 537 3583 ut
561 3550 670 3603 geogra·
714 3548 802 3583 naam.

167 3603 394 3673 phiemdundum
406 3610 578 3680 quasiomuis
589 3612 673 3665 bisto-
755 3616 801 3673 ⁴²·
824 3610 932 3673 rreum,
948 3627 1011 3661 uam
1038 3609 1095 3661 lucc
1120 3608 1222 3678 antiqui

167 3682 226 3744 15³,
242 3683 373 3741 docerent.
714 3688 803 3742 Chaus
826 3687 961 3754 conditio,
984 3706 1082 3759 quum,
1101 3699 1133 3740 ut
1152 3688 1223 3740 canit

214 3760 258 3817 32.
272 3765 339 3821 Hine
355 3767 464 3821 initium
483 3769 557 3839 quasi
576 3782 671 3824 tracta·
714 3767 786 3821 Naso
801 3770 866 3822 Met.
882 3770 910 3835 1,
929 3786 985 3836 19:

168 3840 257 3909 tionis,
267 3843 293 3897 iu
302 3866 355 3918 quo
366 3848 420 3901 hoc
431 3848 517 3919 ipsum
529 3868 583 3903 uon
594 3848 672 3903 valde
714 3862 793 3916 regia·
805 3862 1007 3936 pagno-aredius,
1019 3861 1120 3900 hunum
1131 3864 1199 3910 sues,

166 3922 671 3989 poetieumoerredeflomriinrrepoet,
714 3932 1223 3987 κοιιὴωῃιώμὴψιιωιιωιιμικ

172 4005 224 4070 ῐ47
236 4008 361 4061 oeuteutia
372 4021 428 4070 est,
439 4006 512 4078 quod
524 4026 580 4061 rem
591 4010 671 4063 nimis
758 4019 804 4075 44.
823 4011 903 4063 Pubes
922 4011 1022 4063 reunia
1039 4010 1173 4083 gigantes,
1190 4009 1225 4065 de

167 4078 200 4129 ab
215 4100 267 4135 oro
281 4084 395 4141 orditur.
412 4084 466 4139 Sed
484 4086 536 4139 boc
553 4088 670 4159 pbiloeo·
695 4092 697 4097 '
716 4090 813 4162 quibus
828 4090 857 4143 iu
870 4090 1101 4161 Gigautomaclria,
1119 4108 1215 4143 xxxvii
