3034 4900
302 429 370 501 160
533 431 607 500 CL.
637 433 941 503 CLAUDIANI
967 438 1113 505 XXIX.

292 563 370 632 Non
384 557 483 630 talem
499 561 617 631 Trivia
633 562 763 632 confert
777 562 929 634 laudator
944 567 1110 636 Homerus

292 669 431 738 Alcinoo
446 669 590 764 genitam
609 693 615 734 :
633 691 723 762 qua,
740 669 896 765 damper
913 669 1010 740 litora
1026 687 1134 742 vestes

293 773 459 869 Explicat,
474 787 508 843 et
524 771 663 843 famulas
678 789 810 844 exercet
824 775 897 845 laeta
913 777 1067 861 choreas,

292 884 450 950 Auratam
464 877 606 973 jaculata
621 878 741 974 pilam,
758 896 835 975 post
849 881 1010 978 naufraga
1025 885 1132 953 somm

293 989 388 1074 Otia,
404 1010 614 1080 progressum
632 984 717 1055 foliis
732 987 865 1081 expavit
881 986 1044 1081 Ulyssem.
1312 1019 1350 1063 aas

291 1095 415 1162 Pierius
431 1090 540 1179 labor,
555 1105 589 1160 et
603 1106 751 1161 veterum
769 1094 827 1161 tibi
843 1095 989 1163 carmina
1004 1110 1116 1164 vatum

292 1197 406 1268 Ludus
422 1212 517 1266 erant
533 1222 540 1264 :
560 1222 641 1292 qrros
658 1199 799 1292 Smyrna
814 1198 921 1284 dedit,
938 1225 1022 1294 quos
1037 1203 1193 1289 Mantua,
1208 1201 1310 1274 libros
1329 1196 1337 1218 ⁸

292 1306 507 1386 Percurrens,
524 1301 660 1372 damnas
675 1303 840 1389 Helenen,
856 1329 918 1373 nec
933 1307 1041 1399 parcis
1056 1305 1176 1376 Elissae.

292 1408 461 1478 Nobiliore
478 1423 591 1478 tenent
605 1411 731 1478 animos
747 1409 898 1504 exempla
913 1412 1059 1505 pudicos.

291 1515 472 1586 Laodamia
487 1539 625 1609 sequens
641 1531 841 1585 remeantem
860 1541 974 1587 rursus
988 1516 1030 1586 ad
1047 1519 1180 1588 umbras
1309 1541 1364 1587 nc

291 1620 508 1716 Phylaciden,
525 1634 559 1688 et
573 1611 679 1713 prona
695 1646 794 1691 ruens
811 1625 978 1716 Capaneia
993 1627 1114 1717 conjux
1163 1693 1166 1696 ,

291 1731 492 1796 Communes
506 1724 642 1795 ardente
657 1727 730 1795 viro
744 1730 882 1796 mistura
897 1727 1042 1812 favillas,

290 1836 335 1902 Et
348 1835 457 1928 gravis
471 1831 664 1902 incumbens
680 1847 771 1902 casto
787 1837 941 1904 Lucretia
959 1834 1066 1922 ferro,

325 2017 537 2082 141.Nausicaaa,
545 2017 650 2070 Alcinoi
658 2017 797 2072 Phaeacum
839 2019 887 2090 gni
895 2039 994 2085 uxore,
1003 2039 1062 2092 quse
1073 2018 1285 2078 Commentarios
1297 2025 1348 2077 ele·

291 2097 359 2169 regis
371 2097 555 2168 filias,prseiert
565 2095 701 2159 Serenam,
716 2116 797 2169 qnam
839 2100 1347 2171 ganterscripsit.-Muataa,·natnserst

291 2175 382 2232 Diana
395 2167 469 2244 (hac
483 2175 554 2230 enim
575 2189 614 2229 est
635 2177 733 2242 Trivia,
749 2178 797 2230 tri-
841 2179 972 2250 Virgilius
985 2199 1070 2252 prope
1083 2181 1233 2246 Mantuam,
1247 2183 1275 2234 iu
1288 2185 1347 2236 rico

291 2257 385 2310 formis
392 2253 645 2326 Hecatelcomparat
652 2254 796 2321 Homerus,
840 2258 884 2309 cui
898 2277 997 2313 nomen
1012 2260 1115 2325 Andes,
1126 2262 1205 2332 vulgo
1218 2263 1322 2315 Pr'erola.

291 2331 342 2389 0⁰⁸.
354 2338 383 2400 ζ,
402 2353 464 2390 roa.
477 2335 539 2388 Hac
551 2334 616 2388 dum
629 2335 760 2388 siccantur
769 2337 796 2389 in
883 2340 947 2401 148.
959 2337 1063 2392 Laudat
1073 2341 1217 2393 castitatem
1228 2340 1346 2406 Serena,

291 2415 369 2469 litore
379 2427 473 2481 restes,
485 2415 538 2486 pila
548 2413 619 2469 ludit
628 2431 690 2468 cum
701 2415 797 2487 puellis
839 2434 900 2487 quae
914 2419 1028 2471 Helenor
1035 2419 1145 2482 duram,
1160 2438 1209 2473 nec
1221 2421 1312 2473 Eh'ssoe
1324 2441 1346 2475 s.

291 2494 363 2561 suis;
378 2494 489 2567 strepitu
499 2494 546 2546 illo
556 2494 680 2548 excitatus
689 2494 797 2565 Ulysses
838 2494 959 2561 Didoni,
975 2511 1064 2568 parcat
1080 2517 1088 2551 :
1107 2516 1181 2551 secus
1200 2511 1280 2570 atque
1300 2502 1345 2553 illa

267 2618 270 2623 .
292 2594 306 2629 a
331 2574 459 2646 naufragii
479 2574 570 2627 labore
588 2592 683 2627 somno
707 2592 735 2628 se
754 2593 797 2628 re·
839 2575 911 2647 apud
931 2578 1098 2640 Iuvenalem,
1113 2578 1170 2640 VI,
1191 2577 1264 2641 435,
1279 2577 1345 2631 doc·

290 2650 796 2726 creans,proditdevirgultissnis,etc.
838 2656 1346 2727 trinaaffecutrix,quaperemigna

334 2738 395 2803 147.
409 2732 534 2804 Smyrnam
549 2733 594 2786 hio
607 2733 670 2785 lacit
685 2726 798 2787 Homeri
837 2738 882 2785 seit
895 2736 993 2788 Elissa.

291 2812 420 2883 patriam,
440 2812 557 2867 imitatus
575 2812 687 2865 Statium
702 2832 796 2879 suum,
881 2814 942 2865 150.
955 2814 1089 2865 Laodarrua
1098 2813 1265 2885 impatienter
1276 2814 1344 2869 adeo
1405 2880 1410 2883 Ι

292 2891 356 2945 Sila.
378 2892 428 2955 IV,
446 2910 478 2955 a,
497 2906 530 2959 9:
547 2916 559 2938 ι
574 2910 645 2954 non,
665 2892 687 2944 si
697 2896 797 2964 pariter
838 2891 901 2944 tulit
919 2907 1032 2946 mortem
1053 2892 1205 2957 Protesilai,
1223 2897 1344 2967 conjugis

291 2972 357 3025 mihi
373 2971 471 3024 vertice
489 2970 550 3025 laeto
565 2970 660 3025 Nectat
675 2970 797 3025 adoratas
838 2971 1343 3045 sui,cni1phicluspater,Plylaeusavus

289 3064 317 3106 et
331 3051 444 3122 Smyrna
461 3064 488 3104 et
503 3051 612 3103 Mantua
626 3051 732 3116 lauros,
748 3052 796 3103 Di·
838 3050 989 3122 adsignatur
1003 3045 1070 3121 (rid.
1083 3052 1203 3106 Eustath.
1217 3052 1251 3106 ad
1261 3060 1296 3107 Ιλ.
1308 3062 1342 3119 Β,

289 3132 446 3203 gnaloqnar.
456 3130 796 3184 --Librosllomericoset
839 3132 896 3199 695
905 3170 912 3194 ‚
927 3150 955 3201 p·
979 3130 1052 3195 245,
1069 3122 1123 3199 11)
1140 3145 1170 3184 ut
1187 3145 1300 3186 mortem
1314 3133 1342 3186 iu

290 3211 471 3282 Virgilianos:
486 3210 576 3281 sicque
587 3208 684 3263 Serena
699 3211 796 3281 linguae
837 3211 977 3281 complexu
994 3214 1048 3282 ejus
1069 3212 1102 3263 ab
1118 3208 1210 3265 inferis
1226 3213 1343 3266 revocati

289 3292 375 3345 latina
384 3304 410 3343 et
415 3308 506 3361 graecas
512 3288 597 3362 perita
602 3302 658 3343 erat
667 3302 694 3341 et
701 3288 790 3343 docta:
837 3302 984 3360 oppeteret.
994 3290 1065 3342 Hinc
1075 3310 1150 3341 como
1157 3293 1273 3344 aestimo
1280 3293 1343 3344 Lao·

289 3369 373 3441 qualis
391 3370 441 3422 snit
453 3369 561 3440 Sappho
577 3368 649 3440 apud
670 3368 794 3434 Graecos,
836 3369 997 3434 duumuiro,
1013 3366 1340 3435 Ovid.Triat.1‚v1,2o.

289 3448 411 3503 Cornelia
426 3447 496 3519 apud
513 3449 662 3509 Romanos,
677 3461 704 3502 et
719 3441 794 3520 apud
836 3446 922 3519 Hujus
941 3447 1090 3501 Laodamia
1112 3448 1148 3514 sd
1167 3450 1340 3502 Protesilaum

287 3548 336 3582 uos
345 3527 485 3599 Margarita
492 3527 605 3589 Valesia,
614 3528 793 3581 Navarrorum
836 3546 913 3579 suum
925 3541 965 3581 est
977 3527 1107 3582 Ovidiana
1117 3529 1233 3599 Epistola
1243 3528 1320 3583 XIII.

286 3607 792 3681 Regina,aaiuHenriciMagni,quippe
879 3606 943 3661 151.
972 3608 1081 3679 &pansi
1103 3610 1203 3679 conjux
1231 3606 1341 3661 Euadne

290 3714 301 3735 ι
317 3687 421 3743 eternis
439 3687 575 3740 literarum
596 3687 791 3751 monumentis,
835 3686 885 3738 riri
901 3705 929 3739 se
944 3706 1009 3757 rogo
1022 3688 1126 3758 injecit,
1143 3684 1177 3739 de
1196 3705 1249 3757 qna
1269 3688 1340 3740 Mar·

287 3786 344 3839 quta
354 3768 468 3840 plurima
483 3766 715 3837 etpraeclarissima
726 3784 791 3819 con·
833 3766 888 3818 tial.
903 3765 1002 3836 1v‚75
1017 3785 1025 3819 ε

283 3846 409 3920 scripsit,
431 3846 548 3901 nominis
569 3846 610 3899 sui
634 3844 790 3899 memoriam
833 3852 996 3892 enatemus.
1006 3851 1168 3903 manarum
1177 3852 1250 3890 aumt.
1278 3843 1280 3846 ’

284 3926 429 3996 posteritati
445 3936 622 3981 consecratam
641 3925 757 3997 reliquit.
774 3950 785 3971 ι
832 3919 960 3976 Euadnen
973 3937 1000 3976 et
1011 3922 1181 3977 Laodamiam
1191 3923 1271 3977 etiam
1284 3942 1339 3975 uno

285 4004 400 4057 Scoevola
410 4004 631 4059 sammarthanus.
642 4003 717 4066 Idem
728 4022 788 4056 sen·
832 4020 927 4068 versu,
940 4008 1000 4057 AEn.
1014 4006 1074 4073 VI,
1090 4010 1163 4073 447,
1176 4006 1263 4074 junxit
1275 4002 1338 4053 Vir·

282 4080 405 4139 tiendum
416 4081 450 4137 de
460 4084 599 4153 Margarita
605 4084 716 4137 Hearici
729 4084 787 4141 Ma·
831 4081 917 4153 gilius.
