<?xml version="1.0" encoding="UTF-8"?>
<!DOCTYPE html PUBLIC "-//W3C//DTD XHTML 1.0 Transitional//EN"
    "http://www.w3.org/TR/xhtml1/DTD/xhtml1-transitional.dtd">
<html xmlns="http://www.w3.org/1999/xhtml" xml:lang="en" lang="en">
 <head>
  <title>
</title>
<meta http-equiv="Content-Type" content="text/html;charset=utf-8" />
  <meta name='ocr-system' content='tesseract 3.04.00' />
  <meta name='ocr-capabilities' content='ocr_page ocr_carea ocr_par ocr_line ocrx_word'/>
</head>
<body>
  <div class='ocr_page' id='page_1' title='image "./claudiiclaudian01artagoog_0363.png"; bbox 0 0 3034 4900; ppageno 0'>
   <div class='ocr_carea' id='block_1_1' title="bbox 524 394 1253 510">
    <p class='ocr_par' dir='ltr' id='par_1_1' title="bbox 524 394 1253 510">
     <span class='ocr_line' id='line_1_1' title="bbox 524 394 1253 510; baseline 0.007 -5"><span class='ocrx_word' id='word_1_1' title='bbox 524 394 835 505; x_wconf 80' lang='lat' dir='ltr'><strong>nrbrnnrun</strong></span> <span class='ocrx_word' id='word_1_2' title='bbox 862 437 927 504; x_wconf 85' lang='lat' dir='ltr'><strong>vr.</strong></span> <span class='ocrx_word' id='word_1_3' title='bbox 1181 436 1253 510; x_wconf 78' lang='lat'><strong>353</strong></span> 
     </span>
    </p>
   </div>
   <div class='ocr_carea' id='block_1_2' title="bbox 175 567 1256 1835">
    <p class='ocr_par' dir='ltr' id='par_1_2' title="bbox 197 567 976 769">
     <span class='ocr_line' id='line_1_2' title="bbox 197 567 939 657; baseline -0.007 -16"><span class='ocrx_word' id='word_1_4' title='bbox 197 568 372 641; x_wconf 88' lang='lat' dir='ltr'><strong>Consuluit</strong></span> <span class='ocrx_word' id='word_1_5' title='bbox 392 583 511 637; x_wconf 86' lang='lat' dir='ltr'><strong>natura</strong></span> <span class='ocrx_word' id='word_1_6' title='bbox 527 568 606 657; x_wconf 90' lang='lat' dir='ltr'><strong>sibi,</strong></span> <span class='ocrx_word' id='word_1_7' title='bbox 624 593 667 637; x_wconf 90' lang='lat' dir='ltr'><strong>ne</strong></span> <span class='ocrx_word' id='word_1_8' title='bbox 682 594 790 641; x_wconf 89' lang='lat' dir='ltr'><strong>mersa</strong></span> <span class='ocrx_word' id='word_1_9' title='bbox 807 567 939 656; x_wconf 87' lang='lat' dir='ltr'><strong>lateret,</strong></span> 
     </span>
     <span class='ocr_line' id='line_1_3' title="bbox 255 672 976 769; baseline -0.006 -23"><span class='ocrx_word' id='word_1_10' title='bbox 255 676 460 769; x_wconf 85' lang='lat' dir='ltr'><strong>Admisitque</strong></span> <span class='ocrx_word' id='word_1_11' title='bbox 479 672 608 763; x_wconf 91' lang='lat' dir='ltr'><strong>oculos,</strong></span> <span class='ocrx_word' id='word_1_12' title='bbox 624 700 691 769; x_wconf 87' lang='lat' dir='ltr'><strong>quo</strong></span> <span class='ocrx_word' id='word_1_13' title='bbox 707 689 798 743; x_wconf 83' lang='lat' dir='ltr'><strong>vetat</strong></span> <span class='ocrx_word' id='word_1_14' title='bbox 815 674 976 757; x_wconf 86' lang='lat' dir='ltr'><strong>irecalor.</strong></span> 
     </span>
    </p>

    <p class='ocr_par' dir='ltr' id='par_1_3' title="bbox 196 774 1256 982">
     <span class='ocr_line' id='line_1_4' title="bbox 196 774 1256 877; baseline 0.002 -26"><span class='ocrx_word' id='word_1_15' title='bbox 196 783 361 852; x_wconf 83' lang='lat' dir='ltr'><strong>Turbidus</strong></span> <span class='ocrx_word' id='word_1_16' title='bbox 378 780 522 875; x_wconf 91' lang='lat' dir='ltr'><strong>impulsu</strong></span> <span class='ocrx_word' id='word_1_17' title='bbox 542 784 633 850; x_wconf 86' lang='lat' dir='ltr'><strong>venti</strong></span> <span class='ocrx_word' id='word_1_18' title='bbox 653 806 755 876; x_wconf 92' lang='lat' dir='ltr'><strong>quum</strong></span> <span class='ocrx_word' id='word_1_19' title='bbox 775 783 941 877; x_wconf 80' lang='lat' dir='ltr'><strong>spargitur</strong></span> <span class='ocrx_word' id='word_1_20' title='bbox 961 806 1032 869; x_wconf 88' lang='lat' dir='ltr'><strong>aer,</strong></span> <span class='ocrx_word' id='word_1_21' title='bbox 1141 774 1144 779; x_wconf 15' lang='grc' dir='ltr'><strong>Δ</strong></span> <span class='ocrx_word' id='word_1_22' title='bbox 1231 815 1256 855; x_wconf 77' lang='lat' dir='ltr'><strong>ss</strong></span> 
     </span>
     <span class='ocr_line' id='line_1_5' title="bbox 252 887 1004 982; baseline -0.003 -23"><span class='ocrx_word' id='word_1_23' title='bbox 252 889 444 982; x_wconf 81' lang='lat' dir='ltr'><strong>Glaucoque</strong></span> <span class='ocrx_word' id='word_1_24' title='bbox 461 887 621 957; x_wconf 78' lang='lat' dir='ltr'><strong>fumiferae</strong></span> <span class='ocrx_word' id='word_1_25' title='bbox 639 902 732 981; x_wconf 83' lang='lat' dir='ltr'><strong>terga</strong></span> <span class='ocrx_word' id='word_1_26' title='bbox 747 900 879 957; x_wconf 80' lang='lat' dir='ltr'><strong>serenat</strong></span> <span class='ocrx_word' id='word_1_27' title='bbox 894 912 1004 981; x_wconf 78' lang='lat' dir='ltr'><strong>aquae3</strong></span> 
     </span>
    </p>

    <p class='ocr_par' dir='ltr' id='par_1_4' title="bbox 198 992 1030 1196">
     <span class='ocr_line' id='line_1_6' title="bbox 198 992 1030 1088; baseline -0.006 -22"><span class='ocrx_word' id='word_1_28' title='bbox 198 1000 292 1066; x_wconf 91' lang='lat' dir='ltr'><strong>Tunc</strong></span> <span class='ocrx_word' id='word_1_29' title='bbox 311 1020 444 1066; x_wconf 90' lang='lat' dir='ltr'><strong>omnem</strong></span> <span class='ocrx_word' id='word_1_30' title='bbox 464 992 578 1088; x_wconf 90' lang='lat' dir='ltr'><strong>liquidi</strong></span> <span class='ocrx_word' id='word_1_31' title='bbox 598 992 716 1065; x_wconf 85' lang='lat' dir='ltr'><strong>vallem</strong></span> <span class='ocrx_word' id='word_1_32' title='bbox 731 994 895 1063; x_wconf 85' lang='lat' dir='ltr'><strong>mirabere</strong></span> <span class='ocrx_word' id='word_1_33' title='bbox 914 992 1030 1061; x_wconf 84' lang='lat' dir='ltr'><strong>fundi:</strong></span> 
     </span>
     <span class='ocr_line' id='line_1_7' title="bbox 251 1098 1014 1196; baseline -0.003 -27"><span class='ocrx_word' id='word_1_34' title='bbox 251 1104 345 1170; x_wconf 91' lang='lat' dir='ltr'><strong>Tunc</strong></span> <span class='ocrx_word' id='word_1_35' title='bbox 360 1116 487 1170; x_wconf 87' lang='lat' dir='ltr'><strong>veteres</strong></span> <span class='ocrx_word' id='word_1_36' title='bbox 504 1098 625 1188; x_wconf 83' lang='lat' dir='ltr'><strong>hastae,</strong></span> <span class='ocrx_word' id='word_1_37' title='bbox 641 1102 731 1196; x_wconf 84' lang='lat' dir='ltr'><strong>regia</strong></span> <span class='ocrx_word' id='word_1_38' title='bbox 746 1100 850 1183; x_wconf 87' lang='lat' dir='ltr'><strong>dona,</strong></span> <span class='ocrx_word' id='word_1_39' title='bbox 867 1101 992 1169; x_wconf 88' lang='lat' dir='ltr'><strong>micant</strong></span> <span class='ocrx_word' id='word_1_40' title='bbox 1005 1127 1014 1186; x_wconf 91' lang='lat'>;</span> 
     </span>
    </p>

    <p class='ocr_par' dir='ltr' id='par_1_5' title="bbox 200 1206 1022 1301">
     <span class='ocr_line' id='line_1_8' title="bbox 200 1206 1022 1301; baseline 0 -25"><span class='ocrx_word' id='word_1_41' title='bbox 200 1210 293 1298; x_wconf 87' lang='lat' dir='ltr'><strong>Quas</strong></span> <span class='ocrx_word' id='word_1_42' title='bbox 312 1210 416 1294; x_wconf 90' lang='lat' dir='ltr'><strong>inter,</strong></span> <span class='ocrx_word' id='word_1_43' title='bbox 431 1208 533 1301; x_wconf 78' lang='lat' dir='ltr'><strong>nigras</strong></span> <span class='ocrx_word' id='word_1_44' title='bbox 554 1206 699 1275; x_wconf 88' lang='lat' dir='ltr'><strong>tenebris</strong></span> <span class='ocrx_word' id='word_1_45' title='bbox 720 1207 881 1276; x_wconf 89' lang='lat' dir='ltr'><strong>obscurus</strong></span> <span class='ocrx_word' id='word_1_46' title='bbox 899 1229 1022 1293; x_wconf 80' lang='lat' dir='ltr'><strong>arente,</strong></span> 
     </span>
    </p>

    <p class='ocr_par' dir='ltr' id='par_1_6' title="bbox 175 1313 966 1407">
     <span class='ocr_line' id='line_1_9' title="bbox 175 1313 966 1407; baseline -0.004 -24"><span class='ocrx_word' id='word_1_47' title='bbox 175 1337 178 1343; x_wconf 87' lang='grc'>’</span> <span class='ocrx_word' id='word_1_48' title='bbox 253 1313 407 1383; x_wconf 83' lang='lat' dir='ltr'><strong>Discolor</strong></span> <span class='ocrx_word' id='word_1_49' title='bbox 424 1313 602 1407; x_wconf 87' lang='lat' dir='ltr'><strong>abruptum</strong></span> <span class='ocrx_word' id='word_1_50' title='bbox 621 1313 745 1382; x_wconf 88' lang='lat' dir='ltr'><strong>flumen</strong></span> <span class='ocrx_word' id='word_1_51' title='bbox 763 1314 871 1381; x_wconf 87' lang='lat' dir='ltr'><strong>hiatus</strong></span> <span class='ocrx_word' id='word_1_52' title='bbox 887 1315 966 1407; x_wconf 83' lang='lat' dir='ltr'><strong>agit.</strong></span> 
     </span>
    </p>

    <p class='ocr_par' dir='ltr' id='par_1_7' title="bbox 201 1418 1015 1621">
     <span class='ocr_line' id='line_1_10' title="bbox 201 1418 1015 1517; baseline -0.004 -27"><span class='ocrx_word' id='word_1_53' title='bbox 201 1424 372 1517; x_wconf 80' lang='lat' dir='ltr'><strong>Apparent</strong></span> <span class='ocrx_word' id='word_1_54' title='bbox 388 1418 642 1505; x_wconf 84' lang='lat' dir='ltr'><strong>infralatebrae,</strong></span> <span class='ocrx_word' id='word_1_55' title='bbox 657 1442 739 1513; x_wconf 88' lang='lat' dir='ltr'><strong>quas</strong></span> <span class='ocrx_word' id='word_1_56' title='bbox 755 1444 875 1513; x_wconf 83' lang='lat' dir='ltr'><strong>gurges</strong></span> <span class='ocrx_word' id='word_1_57' title='bbox 891 1443 1015 1512; x_wconf 92' lang='lat' dir='ltr'><strong>opacus</strong></span> 
     </span>
     <span class='ocr_line' id='line_1_11' title="bbox 255 1522 1014 1621; baseline -0.003 -26"><span class='ocrx_word' id='word_1_58' title='bbox 255 1524 390 1621; x_wconf 88' lang='lat' dir='ltr'><strong>Implet,</strong></span> <span class='ocrx_word' id='word_1_59' title='bbox 406 1540 438 1594; x_wconf 91' lang='lat' dir='ltr'><strong>et</strong></span> <span class='ocrx_word' id='word_1_60' title='bbox 454 1524 624 1594; x_wconf 86' lang='lat' dir='ltr'><strong>abstrusus</strong></span> <span class='ocrx_word' id='word_1_61' title='bbox 642 1525 735 1594; x_wconf 87' lang='lat' dir='ltr'><strong>ducit</strong></span> <span class='ocrx_word' id='word_1_62' title='bbox 752 1527 787 1593; x_wconf 91' lang='lat' dir='ltr'><strong>in</strong></span> <span class='ocrx_word' id='word_1_63' title='bbox 805 1539 900 1594; x_wconf 86' lang='lat' dir='ltr'><strong>antra</strong></span> <span class='ocrx_word' id='word_1_64' title='bbox 916 1522 1014 1593; x_wconf 78' lang='lat' dir='ltr'><strong>sinus</strong></span> 
     </span>
    </p>

    <p class='ocr_par' dir='ltr' id='par_1_8' title="bbox 201 1632 1154 1835">
     <span class='ocr_line' id='line_1_12' title="bbox 201 1632 1154 1728; baseline -0.001 -26"><span class='ocrx_word' id='word_1_65' title='bbox 201 1636 295 1702; x_wconf 87' lang='lat' dir='ltr'><strong>Tunc</strong></span> <span class='ocrx_word' id='word_1_66' title='bbox 311 1635 432 1701; x_wconf 90' lang='lat' dir='ltr'><strong>montis</strong></span> <span class='ocrx_word' id='word_1_67' title='bbox 448 1647 574 1701; x_wconf 87' lang='lat' dir='ltr'><strong>secreta</strong></span> <span class='ocrx_word' id='word_1_68' title='bbox 589 1646 720 1728; x_wconf 83' lang='lat' dir='ltr'><strong>patent3</strong></span> <span class='ocrx_word' id='word_1_69' title='bbox 738 1633 794 1725; x_wconf 86' lang='lat' dir='ltr'><strong>qui</strong></span> <span class='ocrx_word' id='word_1_70' title='bbox 812 1632 915 1700; x_wconf 83' lang='lat' dir='ltr'><strong>flexus</strong></span> <span class='ocrx_word' id='word_1_71' title='bbox 931 1632 965 1699; x_wconf 92' lang='lat' dir='ltr'><strong>in</strong></span> <span class='ocrx_word' id='word_1_72' title='bbox 983 1655 1098 1701; x_wconf 87' lang='lat' dir='ltr'><strong>arcum</strong></span> <span class='ocrx_word' id='word_1_73' title='bbox 1151 1652 1154 1660; x_wconf 56' lang='lat'><em>¹</em></span> 
     </span>
     <span class='ocr_line' id='line_1_13' title="bbox 255 1736 989 1835; baseline 0 -28"><span class='ocrx_word' id='word_1_74' title='bbox 255 1740 401 1835; x_wconf 87' lang='lat' dir='ltr'><strong>AEquora</strong></span> <span class='ocrx_word' id='word_1_75' title='bbox 417 1737 575 1833; x_wconf 87' lang='lat' dir='ltr'><strong>pendenti</strong></span> <span class='ocrx_word' id='word_1_76' title='bbox 593 1740 741 1833; x_wconf 81' lang='lat' dir='ltr'><strong>margine</strong></span> <span class='ocrx_word' id='word_1_77' title='bbox 757 1762 886 1807; x_wconf 90' lang='lat' dir='ltr'><strong>summa</strong></span> <span class='ocrx_word' id='word_1_78' title='bbox 902 1736 989 1834; x_wconf 82' lang='lat' dir='ltr'><strong>ligat.</strong></span> 
     </span>
    </p>
   </div>
   <div class='ocr_carea' id='block_1_3' title="bbox 202 1955 1327 4186">
    <p class='ocr_par' dir='ltr' id='par_1_9' title="bbox 202 1955 1265 2189">
     <span class='ocr_line' id='line_1_14' title="bbox 239 1955 1265 2028; baseline 0.006 -19"><span class='ocrx_word' id='word_1_79' title='bbox 239 1957 286 2012; x_wconf 79' lang='lat'><strong>33.</strong></span> <span class='ocrx_word' id='word_1_80' title='bbox 300 1959 372 2020; x_wconf 80' lang='lat' dir='ltr'><strong>Tota,</strong></span> <span class='ocrx_word' id='word_1_81' title='bbox 382 1955 456 2009; x_wconf 85' lang='lat' dir='ltr'>MSS.</span> <span class='ocrx_word' id='word_1_82' title='bbox 465 1969 492 2008; x_wconf 88' lang='lat' dir='ltr'><strong>et</strong></span> <span class='ocrx_word' id='word_1_83' title='bbox 499 1956 711 2028; x_wconf 86' lang='lat' dir='ltr'><strong>placetBarthio.</strong></span> <span class='ocrx_word' id='word_1_84' title='bbox 758 1956 816 2010; x_wconf 86' lang='lat' dir='ltr'><strong>talis</strong></span> <span class='ocrx_word' id='word_1_85' title='bbox 834 1975 901 2027; x_wconf 89' lang='lat' dir='ltr'><strong>quos</strong></span> <span class='ocrx_word' id='word_1_86' title='bbox 916 1956 1040 2010; x_wconf 87' lang='lat' dir='ltr'><strong>Tiberius</strong></span> <span class='ocrx_word' id='word_1_87' title='bbox 1056 1974 1088 2011; x_wconf 87' lang='lat' dir='ltr'><strong>ex</strong></span> <span class='ocrx_word' id='word_1_88' title='bbox 1109 1960 1216 2013; x_wconf 91' lang='lat' dir='ltr'><strong>oraculo</strong></span> <span class='ocrx_word' id='word_1_89' title='bbox 1235 1962 1265 2015; x_wconf 93' lang='lat' dir='ltr'><strong>in</strong></span> 
     </span>
     <span class='ocr_line' id='line_1_15' title="bbox 202 2034 1263 2111; baseline 0.002 -21"><span class='ocrx_word' id='word_1_90' title='bbox 202 2058 234 2090; x_wconf 76' lang='lat' dir='ltr'><strong>ne</strong></span> <span class='ocrx_word' id='word_1_91' title='bbox 252 2050 305 2089; x_wconf 83' lang='lat' dir='ltr'><strong>toto</strong></span> <span class='ocrx_word' id='word_1_92' title='bbox 326 2041 427 2099; x_wconf 82' lang='lat' dir='ltr'><strong>niteret,</strong></span> <span class='ocrx_word' id='word_1_93' title='bbox 444 2037 501 2089; x_wconf 86' lang='lat' dir='ltr'><strong>Bas.</strong></span> <span class='ocrx_word' id='word_1_94' title='bbox 522 2034 576 2089; x_wconf 85' lang='lat' dir='ltr'><strong>Sed</strong></span> <span class='ocrx_word' id='word_1_95' title='bbox 593 2054 669 2087; x_wconf 84' lang='lat' dir='ltr'><strong>mersa</strong></span> <span class='ocrx_word' id='word_1_96' title='bbox 683 2036 711 2086; x_wconf 93' lang='lat' dir='ltr'><strong>in</strong></span> <span class='ocrx_word' id='word_1_97' title='bbox 757 2038 848 2106; x_wconf 78' lang='lat' dir='ltr'><strong>Aponi</strong></span> <span class='ocrx_word' id='word_1_98' title='bbox 868 2036 970 2089; x_wconf 84' lang='lat' dir='ltr'><strong>fontem</strong></span> <span class='ocrx_word' id='word_1_99' title='bbox 992 2040 1107 2108; x_wconf 83' lang='lat' dir='ltr'><strong>jecerat,</strong></span> <span class='ocrx_word' id='word_1_100' title='bbox 1131 2040 1263 2111; x_wconf 77' lang='lat' dir='ltr'><strong>hodieque,</strong></span> 
     </span>
     <span class='ocr_line' id='line_1_16' title="bbox 204 2116 1264 2189; baseline 0.003 -19"><span class='ocrx_word' id='word_1_101' title='bbox 204 2129 326 2189; x_wconf 79' lang='lat' dir='ltr'><strong>marg.et</strong></span> <span class='ocrx_word' id='word_1_102' title='bbox 339 2118 438 2179; x_wconf 81' lang='lat' dir='ltr'><strong>lateret,</strong></span> <span class='ocrx_word' id='word_1_103' title='bbox 455 2117 516 2186; x_wconf 83' lang='lat' dir='ltr'><strong>Cuj.</strong></span> <span class='ocrx_word' id='word_1_104' title='bbox 756 2116 864 2187; x_wconf 90' lang='lat' dir='ltr'><strong>iuquit,</strong></span> <span class='ocrx_word' id='word_1_105' title='bbox 885 2116 929 2167; x_wconf 86' lang='lat' dir='ltr'><strong>sub</strong></span> <span class='ocrx_word' id='word_1_106' title='bbox 955 2136 1019 2187; x_wconf 85' lang='lat' dir='ltr'><strong>aqua</strong></span> <span class='ocrx_word' id='word_1_107' title='bbox 1039 2120 1152 2170; x_wconf 73' lang='lat' dir='ltr'><strong>visumar</strong></span> <span class='ocrx_word' id='word_1_108' title='bbox 1176 2122 1194 2171; x_wconf 84' lang='lat' dir='ltr'><strong>ii</strong></span> <span class='ocrx_word' id='word_1_109' title='bbox 1213 2123 1264 2173; x_wconf 84' lang='lat' dir='ltr'><strong>tali.</strong></span> 
     </span>
    </p>

    <p class='ocr_par' dir='ltr' id='par_1_10' title="bbox 204 2194 1268 2508">
     <span class='ocr_line' id='line_1_17' title="bbox 249 2194 1267 2269; baseline 0.007 -22"><span class='ocrx_word' id='word_1_110' title='bbox 249 2196 295 2250; x_wconf 78' lang='lat'><strong>35.</strong></span> <span class='ocrx_word' id='word_1_111' title='bbox 314 2196 432 2253; x_wconf 75' lang='lat' dir='ltr'><strong>Turbidro</strong></span> <span class='ocrx_word' id='word_1_112' title='bbox 448 2214 462 2247; x_wconf 84' lang='lat' dir='ltr'><strong>a</strong></span> <span class='ocrx_word' id='word_1_113' title='bbox 481 2213 579 2266; x_wconf 85' lang='lat' dir='ltr'><strong>vapore</strong></span> <span class='ocrx_word' id='word_1_114' title='bbox 595 2194 641 2246; x_wconf 93' lang='lat' dir='ltr'><strong>illo</strong></span> <span class='ocrx_word' id='word_1_115' title='bbox 660 2194 713 2247; x_wconf 80' lang='lat' dir='ltr'><strong>fer·</strong></span> <span class='ocrx_word' id='word_1_116' title='bbox 756 2194 805 2247; x_wconf 80' lang='lat' dir='ltr'><strong>Est</strong></span> <span class='ocrx_word' id='word_1_117' title='bbox 824 2196 852 2247; x_wconf 89' lang='lat' dir='ltr'><strong>in</strong></span> <span class='ocrx_word' id='word_1_118' title='bbox 873 2194 969 2248; x_wconf 88' lang='lat' dir='ltr'><strong>vicinia</strong></span> <span class='ocrx_word' id='word_1_119' title='bbox 985 2196 1120 2269; x_wconf 76' lang='lat' dir='ltr'><strong>Gottingae</strong></span> <span class='ocrx_word' id='word_1_120' title='bbox 1141 2199 1200 2252; x_wconf 82' lang='lat' dir='ltr'><strong>lons</strong></span> <span class='ocrx_word' id='word_1_121' title='bbox 1217 2202 1267 2253; x_wconf 90' lang='lat' dir='ltr'><strong>snb</strong></span> 
     </span>
     <span class='ocr_line' id='line_1_18' title="bbox 204 2274 1268 2347; baseline 0.006 -21"><span class='ocrx_word' id='word_1_122' title='bbox 204 2276 293 2329; x_wconf 80' lang='lat' dir='ltr'><strong>ventis</strong></span> <span class='ocrx_word' id='word_1_123' title='bbox 306 2292 502 2347; x_wconf 65' lang='lat' dir='ltr'><strong>equanacum</strong></span> <span class='ocrx_word' id='word_1_124' title='bbox 513 2275 586 2327; x_wconf 83' lang='lat' dir='ltr'><strong>renti</strong></span> <span class='ocrx_word' id='word_1_125' title='bbox 596 2274 713 2346; x_wconf 89' lang='lat' dir='ltr'><strong>impulsu</strong></span> <span class='ocrx_word' id='word_1_126' title='bbox 757 2274 845 2345; x_wconf 87' lang='lat' dir='ltr'><strong>ipsum</strong></span> <span class='ocrx_word' id='word_1_127' title='bbox 856 2293 871 2327; x_wconf 87' lang='lat' dir='ltr'><strong>e</strong></span> <span class='ocrx_word' id='word_1_128' title='bbox 887 2293 935 2327; x_wconf 87' lang='lat' dir='ltr'><strong>suo</strong></span> <span class='ocrx_word' id='word_1_129' title='bbox 948 2274 1008 2328; x_wconf 86' lang='lat' dir='ltr'><strong>lacu</strong></span> <span class='ocrx_word' id='word_1_130' title='bbox 1022 2296 1153 2347; x_wconf 87' lang='lat' dir='ltr'><strong>egressum</strong></span> <span class='ocrx_word' id='word_1_131' title='bbox 1169 2280 1268 2332; x_wconf 88' lang='lat' dir='ltr'><strong>molam</strong></span> 
     </span>
     <span class='ocr_line' id='line_1_19' title="bbox 205 2351 1268 2431; baseline 0.004 -23"><span class='ocrx_word' id='word_1_132' title='bbox 205 2351 382 2428; x_wconf 77' lang='lat' dir='ltr'><strong>dispergitur,</strong></span> <span class='ocrx_word' id='word_1_133' title='bbox 394 2368 445 2409; x_wconf 83' lang='lat' dir='ltr'><strong>etc.</strong></span> <span class='ocrx_word' id='word_1_134' title='bbox 458 2354 566 2409; x_wconf 83' lang='lat' dir='ltr'><strong>Glaucus</strong></span> <span class='ocrx_word' id='word_1_135' title='bbox 575 2354 650 2407; x_wconf 88' lang='lat' dir='ltr'><strong>color</strong></span> <span class='ocrx_word' id='word_1_136' title='bbox 664 2372 713 2405; x_wconf 89' lang='lat' dir='ltr'><strong>ne·</strong></span> <span class='ocrx_word' id='word_1_137' title='bbox 757 2354 874 2425; x_wconf 90' lang='lat' dir='ltr'><strong>plurium</strong></span> <span class='ocrx_word' id='word_1_138' title='bbox 884 2368 1003 2407; x_wconf 88' lang='lat' dir='ltr'><strong>rotarum</strong></span> <span class='ocrx_word' id='word_1_139' title='bbox 1012 2375 1104 2426; x_wconf 84' lang='lat' dir='ltr'><strong>agene,</strong></span> <span class='ocrx_word' id='word_1_140' title='bbox 1114 2360 1188 2428; x_wconf 82' lang='lat' dir='ltr'><strong>cujus</strong></span> <span class='ocrx_word' id='word_1_141' title='bbox 1198 2376 1268 2431; x_wconf 82' lang='lat' dir='ltr'><strong>aqua</strong></span> 
     </span>
     <span class='ocr_line' id='line_1_20' title="bbox 204 2432 1267 2508; baseline 0.003 -19"><span class='ocrx_word' id='word_1_142' title='bbox 204 2436 276 2489; x_wconf 77' lang='lat' dir='ltr'><strong>bulas</strong></span> <span class='ocrx_word' id='word_1_143' title='bbox 289 2435 420 2490; x_wconf 75' lang='lat' dir='ltr'><strong>sulfureae.</strong></span> <span class='ocrx_word' id='word_1_144' title='bbox 757 2432 925 2488; x_wconf 74' lang='lat' dir='ltr'><strong>lucidissime</strong></span> <span class='ocrx_word' id='word_1_145' title='bbox 931 2436 1125 2508; x_wconf 85' lang='lat' dir='ltr'><strong>perspicuitatis</strong></span> <span class='ocrx_word' id='word_1_146' title='bbox 1132 2439 1224 2493; x_wconf 87' lang='lat' dir='ltr'><strong>oculos</strong></span> <span class='ocrx_word' id='word_1_147' title='bbox 1233 2438 1267 2492; x_wconf 84' lang='lat' dir='ltr'><strong>ad</strong></span> 
     </span>
    </p>

    <p class='ocr_par' dir='ltr' id='par_1_11' title="bbox 204 2514 1327 4186">
     <span class='ocr_line' id='line_1_21' title="bbox 247 2514 1267 2586; baseline 0.005 -19"><span class='ocrx_word' id='word_1_148' title='bbox 247 2515 294 2571; x_wconf 77' lang='lat'><strong>38.</strong></span> <span class='ocrx_word' id='word_1_149' title='bbox 306 2517 372 2580; x_wconf 79' lang='lat' dir='ltr'><strong>Quae</strong></span> <span class='ocrx_word' id='word_1_150' title='bbox 386 2515 442 2567; x_wconf 86' lang='lat' dir='ltr'><strong>sint</strong></span> <span class='ocrx_word' id='word_1_151' title='bbox 454 2515 505 2566; x_wconf 76' lang='lat' dir='ltr'><strong>illa</strong></span> <span class='ocrx_word' id='word_1_152' title='bbox 516 2516 593 2568; x_wconf 74' lang='lat' dir='ltr'><strong>hasta</strong></span> <span class='ocrx_word' id='word_1_153' title='bbox 606 2525 711 2577; x_wconf 77' lang='lat' dir='ltr'><strong>veteres,</strong></span> <span class='ocrx_word' id='word_1_154' title='bbox 757 2514 873 2568; x_wconf 88' lang='lat' dir='ltr'><strong>fundum</strong></span> <span class='ocrx_word' id='word_1_155' title='bbox 886 2534 970 2586; x_wconf 86' lang='lat' dir='ltr'><strong>usque</strong></span> <span class='ocrx_word' id='word_1_156' title='bbox 982 2516 1072 2570; x_wconf 85' lang='lat' dir='ltr'><strong>multis</strong></span> <span class='ocrx_word' id='word_1_157' title='bbox 1085 2517 1181 2571; x_wconf 81' lang='lat' dir='ltr'><strong>cubitio</strong></span> <span class='ocrx_word' id='word_1_158' title='bbox 1197 2537 1267 2574; x_wconf 82' lang='lat' dir='ltr'><strong>asu·</strong></span> 
     </span>
     <span class='ocr_line' id='line_1_22' title="bbox 204 2591 1187 2668; baseline 0 -18"><span class='ocrx_word' id='word_1_159' title='bbox 204 2598 269 2650; x_wconf 83' lang='lat' dir='ltr'><strong>dona</strong></span> <span class='ocrx_word' id='word_1_160' title='bbox 282 2599 366 2666; x_wconf 77' lang='lat' dir='ltr'><strong>regia,</strong></span> <span class='ocrx_word' id='word_1_161' title='bbox 379 2614 434 2647; x_wconf 91' lang='lat' dir='ltr'><strong>non</strong></span> <span class='ocrx_word' id='word_1_162' title='bbox 445 2593 539 2660; x_wconf 88' lang='lat' dir='ltr'><strong>docet,</strong></span> <span class='ocrx_word' id='word_1_163' title='bbox 549 2594 601 2647; x_wconf 92' lang='lat' dir='ltr'><strong>hoc</strong></span> <span class='ocrx_word' id='word_1_164' title='bbox 613 2605 667 2658; x_wconf 86' lang='lat' dir='ltr'><strong>est,</strong></span> <span class='ocrx_word' id='word_1_165' title='bbox 679 2591 714 2646; x_wconf 85' lang='lat' dir='ltr'><strong>de</strong></span> <span class='ocrx_word' id='word_1_166' title='bbox 757 2595 867 2668; x_wconf 89' lang='lat' dir='ltr'><strong>perficie</strong></span> <span class='ocrx_word' id='word_1_167' title='bbox 882 2608 1013 2648; x_wconf 87' lang='lat' dir='ltr'><strong>remotum</strong></span> <span class='ocrx_word' id='word_1_168' title='bbox 1025 2597 1187 2650; x_wconf 82' lang='lat' dir='ltr'><strong>transmittit.</strong></span> 
     </span>
     <span class='ocr_line' id='line_1_23' title="bbox 206 2671 1269 2743; baseline 0.002 -14"><span class='ocrx_word' id='word_1_169' title='bbox 206 2677 259 2730; x_wconf 89' lang='lat' dir='ltr'><strong>illis</strong></span> <span class='ocrx_word' id='word_1_170' title='bbox 271 2688 356 2737; x_wconf 85' lang='lat' dir='ltr'><strong>tacet,</strong></span> <span class='ocrx_word' id='word_1_171' title='bbox 373 2687 400 2727; x_wconf 86' lang='lat' dir='ltr'><strong>et</strong></span> <span class='ocrx_word' id='word_1_172' title='bbox 415 2673 484 2726; x_wconf 88' lang='lat' dir='ltr'><strong>nihil</strong></span> <span class='ocrx_word' id='word_1_173' title='bbox 498 2673 550 2725; x_wconf 84' lang='lat' dir='ltr'><strong>nisi</strong></span> <span class='ocrx_word' id='word_1_174' title='bbox 566 2671 714 2743; x_wconf 83' lang='lat' dir='ltr'><strong>jucundam</strong></span> <span class='ocrx_word' id='word_1_175' title='bbox 800 2673 845 2742; x_wconf 80' lang='lat'><strong>39.</strong></span> <span class='ocrx_word' id='word_1_176' title='bbox 857 2673 940 2726; x_wconf 90' lang='lat' dir='ltr'><strong>Modo</strong></span> <span class='ocrx_word' id='word_1_177' title='bbox 954 2676 1110 2740; x_wconf 83' lang='lat' dir='ltr'><strong>monebam,</strong></span> <span class='ocrx_word' id='word_1_178' title='bbox 1124 2675 1208 2730; x_wconf 86' lang='lat' dir='ltr'><strong>rideri</strong></span> <span class='ocrx_word' id='word_1_179' title='bbox 1222 2679 1269 2732; x_wconf 91' lang='lat' dir='ltr'><strong>ha·</strong></span> 
     </span>
     <span class='ocr_line' id='line_1_24' title="bbox 205 2751 1267 2828; baseline 0.005 -20"><span class='ocrx_word' id='word_1_180' title='bbox 205 2755 420 2828; x_wconf 84' lang='lat' dir='ltr'><strong>perspicuitatem</strong></span> <span class='ocrx_word' id='word_1_181' title='bbox 427 2751 517 2808; x_wconf 82' lang='lat' dir='ltr'><strong>laudat</strong></span> <span class='ocrx_word' id='word_1_182' title='bbox 523 2751 714 2806; x_wconf 83' lang='lat' dir='ltr'><strong>Cassiodorius.</strong></span> <span class='ocrx_word' id='word_1_183' title='bbox 757 2752 852 2807; x_wconf 76' lang='lat' dir='ltr'><strong>emend</strong></span> <span class='ocrx_word' id='word_1_184' title='bbox 863 2755 914 2807; x_wconf 89' lang='lat' dir='ltr'><strong>hoc</strong></span> <span class='ocrx_word' id='word_1_185' title='bbox 928 2751 1077 2826; x_wconf 80' lang='lat' dir='ltr'><strong>depressas,</strong></span> <span class='ocrx_word' id='word_1_186' title='bbox 1089 2767 1119 2809; x_wconf 87' lang='lat' dir='ltr'><strong>ut</strong></span> <span class='ocrx_word' id='word_1_187' title='bbox 1131 2761 1267 2828; x_wconf 81' lang='lat' dir='ltr'><strong>signarent</strong></span> 
     </span>
     <span class='ocr_line' id='line_1_25' title="bbox 208 2831 1266 2904; baseline 0.006 -18"><span class='ocrx_word' id='word_1_188' title='bbox 208 2834 343 2888; x_wconf 84' lang='lat' dir='ltr'><strong>Videntur</strong></span> <span class='ocrx_word' id='word_1_189' title='bbox 363 2832 485 2886; x_wconf 84' lang='lat' dir='ltr'><strong>homines</strong></span> <span class='ocrx_word' id='word_1_190' title='bbox 500 2831 610 2904; x_wconf 84' lang='lat' dir='ltr'><strong>quidam</strong></span> <span class='ocrx_word' id='word_1_191' title='bbox 624 2833 714 2899; x_wconf 86' lang='lat' dir='ltr'><strong>beati,</strong></span> <span class='ocrx_word' id='word_1_192' title='bbox 759 2833 885 2886; x_wconf 83' lang='lat' dir='ltr'><strong>terminos</strong></span> <span class='ocrx_word' id='word_1_193' title='bbox 899 2834 992 2886; x_wconf 82' lang='lat' dir='ltr'><strong>obscuri</strong></span> <span class='ocrx_word' id='word_1_194' title='bbox 1001 2835 1099 2888; x_wconf 87' lang='lat' dir='ltr'><strong>illinsa</strong></span> <span class='ocrx_word' id='word_1_195' title='bbox 1113 2837 1212 2890; x_wconf 82' lang='lat' dir='ltr'><strong>tenebris</strong></span> <span class='ocrx_word' id='word_1_196' title='bbox 1227 2845 1266 2892; x_wconf 85' lang='lat' dir='ltr'><strong>ni·</strong></span> 
     </span>
     <span class='ocr_line' id='line_1_26' title="bbox 207 2911 1005 2988; baseline 0 -20"><span class='ocrx_word' id='word_1_197' title='bbox 207 2916 255 2988; x_wconf 91' lang='lat' dir='ltr'><strong>qui</strong></span> <span class='ocrx_word' id='word_1_198' title='bbox 267 2913 396 2968; x_wconf 80' lang='lat' dir='ltr'><strong>vidissent</strong></span> <span class='ocrx_word' id='word_1_199' title='bbox 410 2911 478 2967; x_wconf 90' lang='lat' dir='ltr'><strong>illud</strong></span> <span class='ocrx_word' id='word_1_200' title='bbox 495 2925 597 2965; x_wconf 71' lang='lat' dir='ltr'><strong>nature,</strong></span> <span class='ocrx_word' id='word_1_201' title='bbox 612 2925 714 2983; x_wconf 84' lang='lat' dir='ltr'><strong>specta·</strong></span> <span class='ocrx_word' id='word_1_202' title='bbox 756 2933 811 2983; x_wconf 77' lang='lat' dir='ltr'><strong>gree</strong></span> <span class='ocrx_word' id='word_1_203' title='bbox 826 2933 906 2965; x_wconf 73' lang='lat' dir='ltr'><strong>amon</strong></span> <span class='ocrx_word' id='word_1_204' title='bbox 919 2915 1005 2967; x_wconf 82' lang='lat' dir='ltr'><strong>hiatus.</strong></span> 
     </span>
     <span class='ocr_line' id='line_1_27' title="bbox 208 2989 1268 3068; baseline 0.003 -20"><span class='ocrx_word' id='word_1_205' title='bbox 208 2997 312 3058; x_wconf 86' lang='lat' dir='ltr'><strong>culum,</strong></span> <span class='ocrx_word' id='word_1_206' title='bbox 332 2993 375 3045; x_wconf 85' lang='lat' dir='ltr'><strong>rel</strong></span> <span class='ocrx_word' id='word_1_207' title='bbox 394 2993 504 3046; x_wconf 84' lang='lat' dir='ltr'><strong>salutem</strong></span> <span class='ocrx_word' id='word_1_208' title='bbox 523 2989 587 3045; x_wconf 91' lang='lat' dir='ltr'><strong>inde</strong></span> <span class='ocrx_word' id='word_1_209' title='bbox 607 2992 714 3045; x_wconf 89' lang='lat' dir='ltr'><strong>retulis·</strong></span> <span class='ocrx_word' id='word_1_210' title='bbox 800 2999 845 3055; x_wconf 67' lang='grc' dir='ltr'><strong>ἀι.</strong></span> <span class='ocrx_word' id='word_1_211' title='bbox 859 2993 981 3064; x_wconf 82' lang='lat' dir='ltr'><strong>Cogitare</strong></span> <span class='ocrx_word' id='word_1_212' title='bbox 991 3006 1097 3066; x_wconf 84' lang='lat' dir='ltr'><strong>oportet</strong></span> <span class='ocrx_word' id='word_1_213' title='bbox 1107 3015 1216 3068; x_wconf 83' lang='lat' dir='ltr'><strong>specum</strong></span> <span class='ocrx_word' id='word_1_214' title='bbox 1224 3017 1268 3051; x_wconf 83' lang='lat' dir='ltr'><strong>ra-</strong></span> 
     </span>
     <span class='ocr_line' id='line_1_28' title="bbox 208 3071 1267 3146; baseline 0.001 -16"><span class='ocrx_word' id='word_1_215' title='bbox 208 3089 281 3140; x_wconf 86' lang='lat' dir='ltr'><strong>seut,</strong></span> <span class='ocrx_word' id='word_1_216' title='bbox 294 3073 445 3144; x_wconf 85' lang='lat' dir='ltr'><strong>relinquere</strong></span> <span class='ocrx_word' id='word_1_217' title='bbox 465 3072 580 3126; x_wconf 83' lang='lat' dir='ltr'><strong>voluisse</strong></span> <span class='ocrx_word' id='word_1_218' title='bbox 600 3071 640 3124; x_wconf 88' lang='lat' dir='ltr'><strong>sui</strong></span> <span class='ocrx_word' id='word_1_219' title='bbox 660 3089 714 3124; x_wconf 87' lang='lat' dir='ltr'><strong>me·</strong></span> <span class='ocrx_word' id='word_1_220' title='bbox 758 3072 806 3126; x_wconf 83' lang='lat' dir='ltr'><strong>riis</strong></span> <span class='ocrx_word' id='word_1_221' title='bbox 818 3074 888 3126; x_wconf 86' lang='lat' dir='ltr'><strong>cavis</strong></span> <span class='ocrx_word' id='word_1_222' title='bbox 899 3086 925 3126; x_wconf 88' lang='lat' dir='ltr'><strong>et</strong></span> <span class='ocrx_word' id='word_1_223' title='bbox 941 3075 1015 3128; x_wconf 88' lang='lat' dir='ltr'><strong>velut</strong></span> <span class='ocrx_word' id='word_1_224' title='bbox 1030 3075 1189 3146; x_wconf 83' lang='lat' dir='ltr'><strong>labyrinthis</strong></span> <span class='ocrx_word' id='word_1_225' title='bbox 1202 3096 1267 3131; x_wconf 91' lang='lat' dir='ltr'><strong>oon·</strong></span> 
     </span>
     <span class='ocr_line' id='line_1_29' title="bbox 208 3151 1267 3226; baseline 0.004 -20"><span class='ocrx_word' id='word_1_226' title='bbox 208 3155 335 3218; x_wconf 85' lang='lat' dir='ltr'><strong>moriam,</strong></span> <span class='ocrx_word' id='word_1_227' title='bbox 348 3153 428 3206; x_wconf 83' lang='lat' dir='ltr'><strong>hastis</strong></span> <span class='ocrx_word' id='word_1_228' title='bbox 442 3153 471 3205; x_wconf 91' lang='lat' dir='ltr'><strong>in</strong></span> <span class='ocrx_word' id='word_1_229' title='bbox 490 3151 604 3206; x_wconf 79' lang='lat' dir='ltr'><strong>fundum</strong></span> <span class='ocrx_word' id='word_1_230' title='bbox 618 3151 713 3222; x_wconf 84' lang='lat' dir='ltr'><strong>jactis,</strong></span> <span class='ocrx_word' id='word_1_231' title='bbox 757 3165 888 3218; x_wconf 85' lang='lat' dir='ltr'><strong>stantem,</strong></span> <span class='ocrx_word' id='word_1_232' title='bbox 909 3172 1024 3226; x_wconf 87' lang='lat' dir='ltr'><strong>superne</strong></span> <span class='ocrx_word' id='word_1_233' title='bbox 1045 3168 1133 3208; x_wconf 84' lang='lat' dir='ltr'><strong>tamen</strong></span> <span class='ocrx_word' id='word_1_234' title='bbox 1153 3157 1267 3211; x_wconf 74' lang='lat' dir='ltr'><strong>monetis</strong></span> 
     </span>
     <span class='ocr_line' id='line_1_30' title="bbox 209 3232 1107 3304; baseline -0.001 -16"><span class='ocrx_word' id='word_1_235' title='bbox 209 3234 278 3302; x_wconf 78' lang='lat' dir='ltr'><strong>forte</strong></span> <span class='ocrx_word' id='word_1_236' title='bbox 297 3252 358 3287; x_wconf 89' lang='lat' dir='ltr'><strong>cum</strong></span> <span class='ocrx_word' id='word_1_237' title='bbox 374 3234 470 3298; x_wconf 86' lang='lat' dir='ltr'><strong>titulo,</strong></span> <span class='ocrx_word' id='word_1_238' title='bbox 483 3251 542 3304; x_wconf 72' lang='lat' dir='ltr'><strong>qun</strong></span> <span class='ocrx_word' id='word_1_239' title='bbox 558 3232 714 3284; x_wconf 84' lang='lat' dir='ltr'><strong>memoriam</strong></span> <span class='ocrx_word' id='word_1_240' title='bbox 758 3233 831 3300; x_wconf 76' lang='lat' dir='ltr'><strong>velut</strong></span> <span class='ocrx_word' id='word_1_241' title='bbox 843 3232 990 3287; x_wconf 81' lang='lat' dir='ltr'><strong>fornicibus</strong></span> <span class='ocrx_word' id='word_1_242' title='bbox 1002 3245 1107 3287; x_wconf 88' lang='lat' dir='ltr'><strong>tectam.</strong></span> 
     </span>
     <span class='ocr_line' id='line_1_31' title="bbox 208 3311 1265 3376; baseline 0.001 -9"><span class='ocrx_word' id='word_1_243' title='bbox 208 3315 319 3367; x_wconf 90' lang='lat' dir='ltr'><strong>illorum</strong></span> <span class='ocrx_word' id='word_1_244' title='bbox 337 3326 487 3376; x_wconf 83' lang='lat' dir='ltr'><strong>servarent;</strong></span> <span class='ocrx_word' id='word_1_245' title='bbox 502 3313 571 3365; x_wconf 77' lang='lat' dir='ltr'><strong>forte</strong></span> <span class='ocrx_word' id='word_1_246' title='bbox 586 3311 666 3365; x_wconf 85' lang='lat' dir='ltr'><strong>etiam</strong></span> <span class='ocrx_word' id='word_1_247' title='bbox 678 3311 714 3364; x_wconf 88' lang='lat' dir='ltr'><strong>si-</strong></span> <span class='ocrx_word' id='word_1_248' title='bbox 800 3311 845 3376; x_wconf 77' lang='grc'><strong>43.</strong></span> <span class='ocrx_word' id='word_1_249' title='bbox 864 3311 935 3364; x_wconf 88' lang='lat' dir='ltr'><strong>Illud</strong></span> <span class='ocrx_word' id='word_1_250' title='bbox 952 3326 1007 3366; x_wconf 84' lang='lat' dir='ltr'><strong>tunc</strong></span> <span class='ocrx_word' id='word_1_251' title='bbox 1020 3312 1124 3368; x_wconf 83' lang='lat' dir='ltr'><strong>reducit</strong></span> <span class='ocrx_word' id='word_1_252' title='bbox 1140 3315 1265 3368; x_wconf 85' lang='lat' dir='ltr'><strong>lectorem</strong></span> 
     </span>
     <span class='ocr_line' id='line_1_32' title="bbox 208 3390 1265 3466; baseline 0.002 -20"><span class='ocrx_word' id='word_1_253' title='bbox 208 3407 320 3466; x_wconf 73' lang='lat' dir='ltr'><strong>gnorent</strong></span> <span class='ocrx_word' id='word_1_254' title='bbox 338 3395 466 3446; x_wconf 87' lang='lat' dir='ltr'><strong>terminos</strong></span> <span class='ocrx_word' id='word_1_255' title='bbox 485 3393 557 3445; x_wconf 89' lang='lat' dir='ltr'><strong>illius</strong></span> <span class='ocrx_word' id='word_1_256' title='bbox 574 3391 715 3446; x_wconf 82' lang='lat' dir='ltr'><strong>discoloria</strong></span> <span class='ocrx_word' id='word_1_257' title='bbox 757 3390 792 3445; x_wconf 81' lang='lat' dir='ltr'><strong>ad</strong></span> <span class='ocrx_word' id='word_1_258' title='bbox 802 3393 875 3445; x_wconf 88' lang='lat' dir='ltr'><strong>illam</strong></span> <span class='ocrx_word' id='word_1_259' title='bbox 886 3391 1068 3447; x_wconf 85' lang='lat' dir='ltr'><strong>conditionem</strong></span> <span class='ocrx_word' id='word_1_260' title='bbox 1081 3414 1107 3446; x_wconf 86' lang='lat' dir='ltr'><strong>r.</strong></span> <span class='ocrx_word' id='word_1_261' title='bbox 1123 3395 1158 3448; x_wconf 82' lang='lat'><strong>35</strong></span> <span class='ocrx_word' id='word_1_262' title='bbox 1168 3414 1265 3450; x_wconf 85' lang='lat' dir='ltr'><strong>memo-</strong></span> 
     </span>
     <span class='ocr_line' id='line_1_33' title="bbox 209 3469 849 3544; baseline -0.003 -18"><span class='ocrx_word' id='word_1_263' title='bbox 209 3474 327 3527; x_wconf 82' lang='lat' dir='ltr'><strong>fluminis</strong></span> <span class='ocrx_word' id='word_1_264' title='bbox 356 3491 406 3544; x_wconf 88' lang='lat' dir='ltr'><strong>per</strong></span> <span class='ocrx_word' id='word_1_265' title='bbox 430 3491 525 3544; x_wconf 75' lang='lat' dir='ltr'><strong>equum</strong></span> <span class='ocrx_word' id='word_1_266' title='bbox 554 3469 714 3543; x_wconf 83' lang='lat' dir='ltr'><strong>pellucidam</strong></span> <span class='ocrx_word' id='word_1_267' title='bbox 756 3483 849 3525; x_wconf 85' lang='lat' dir='ltr'><strong>ratam.</strong></span> 
     </span>
     <span class='ocr_line' id='line_1_34' title="bbox 209 3550 1265 3624; baseline -0.001 -17"><span class='ocrx_word' id='word_1_268' title='bbox 209 3555 317 3618; x_wconf 85' lang='lat' dir='ltr'><strong>euntis;</strong></span> <span class='ocrx_word' id='word_1_269' title='bbox 333 3552 389 3607; x_wconf 84' lang='lat' dir='ltr'><strong>sire</strong></span> <span class='ocrx_word' id='word_1_270' title='bbox 407 3554 440 3605; x_wconf 84' lang='lat' dir='ltr'><strong>ab</strong></span> <span class='ocrx_word' id='word_1_271' title='bbox 455 3552 529 3605; x_wconf 76' lang='lat' dir='ltr'><strong>alveo</strong></span> <span class='ocrx_word' id='word_1_272' title='bbox 549 3563 653 3605; x_wconf 91' lang='lat' dir='ltr'><strong>tantum</strong></span> <span class='ocrx_word' id='word_1_273' title='bbox 672 3550 714 3603; x_wconf 85' lang='lat' dir='ltr'><strong>rel</strong></span> <span class='ocrx_word' id='word_1_274' title='bbox 800 3557 845 3615; x_wconf 75' lang='grc'><strong>44.</strong></span> <span class='ocrx_word' id='word_1_275' title='bbox 873 3551 950 3604; x_wconf 81' lang='lat' dir='ltr'><strong>Circe</strong></span> <span class='ocrx_word' id='word_1_276' title='bbox 976 3553 1047 3608; x_wconf 93' lang='lat' dir='ltr'><strong>huuc</strong></span> <span class='ocrx_word' id='word_1_277' title='bbox 1072 3553 1191 3618; x_wconf 81' lang='lat' dir='ltr'><strong>fontem,</strong></span> <span class='ocrx_word' id='word_1_278' title='bbox 1213 3573 1265 3624; x_wconf 83' lang='lat' dir='ltr'><strong>qua</strong></span> 
     </span>
     <span class='ocr_line' id='line_1_35' title="bbox 209 3632 1265 3703; baseline -0.001 -16"><span class='ocrx_word' id='word_1_279' title='bbox 209 3634 284 3687; x_wconf 86' lang='lat' dir='ltr'><strong>sulco</strong></span> <span class='ocrx_word' id='word_1_280' title='bbox 297 3635 444 3697; x_wconf 84' lang='lat' dir='ltr'><strong>coloretur,</strong></span> <span class='ocrx_word' id='word_1_281' title='bbox 454 3634 510 3685; x_wconf 87' lang='lat' dir='ltr'><strong>sive</strong></span> <span class='ocrx_word' id='word_1_282' title='bbox 521 3632 577 3703; x_wconf 87' lang='lat' dir='ltr'><strong>ipsa</strong></span> <span class='ocrx_word' id='word_1_283' title='bbox 588 3632 662 3684; x_wconf 81' lang='lat' dir='ltr'><strong>aliter</strong></span> <span class='ocrx_word' id='word_1_284' title='bbox 673 3648 716 3683; x_wconf 91' lang='lat' dir='ltr'><strong>co·</strong></span> <span class='ocrx_word' id='word_1_285' title='bbox 757 3643 866 3701; x_wconf 86' lang='lat' dir='ltr'><strong>apertus</strong></span> <span class='ocrx_word' id='word_1_286' title='bbox 874 3643 912 3684; x_wconf 83' lang='lat' dir='ltr'><strong>est</strong></span> <span class='ocrx_word' id='word_1_287' title='bbox 921 3645 947 3684; x_wconf 88' lang='lat' dir='ltr'><strong>et</strong></span> <span class='ocrx_word' id='word_1_288' title='bbox 954 3644 1041 3702; x_wconf 85' lang='lat' dir='ltr'><strong>patet,</strong></span> <span class='ocrx_word' id='word_1_289' title='bbox 1053 3651 1130 3686; x_wconf 89' lang='lat' dir='ltr'><strong>mons</strong></span> <span class='ocrx_word' id='word_1_290' title='bbox 1138 3634 1166 3686; x_wconf 93' lang='lat' dir='ltr'><strong>in</strong></span> <span class='ocrx_word' id='word_1_291' title='bbox 1174 3653 1265 3686; x_wconf 83' lang='lat' dir='ltr'><strong>arcum</strong></span> 
     </span>
     <span class='ocr_line' id='line_1_36' title="bbox 208 3709 1327 3784; baseline 0 -18"><span class='ocrx_word' id='word_1_292' title='bbox 208 3713 293 3767; x_wconf 82' lang='lat' dir='ltr'><strong>lorata</strong></span> <span class='ocrx_word' id='word_1_293' title='bbox 302 3714 410 3784; x_wconf 71' lang='lat' dir='ltr'><strong>reliquae</strong></span> <span class='ocrx_word' id='word_1_294' title='bbox 421 3710 557 3784; x_wconf 69' lang='lat' dir='ltr'><strong>pellucido</strong></span> <span class='ocrx_word' id='word_1_295' title='bbox 566 3730 622 3764; x_wconf 91' lang='lat' dir='ltr'><strong>non</strong></span> <span class='ocrx_word' id='word_1_296' title='bbox 632 3709 715 3763; x_wconf 82' lang='lat' dir='ltr'><strong>admi·</strong></span> <span class='ocrx_word' id='word_1_297' title='bbox 757 3711 840 3764; x_wconf 86' lang='lat' dir='ltr'><strong>flexus</strong></span> <span class='ocrx_word' id='word_1_298' title='bbox 861 3711 949 3782; x_wconf 81' lang='lat' dir='ltr'><strong>jungit</strong></span> <span class='ocrx_word' id='word_1_299' title='bbox 971 3730 1100 3765; x_wconf 83' lang='lat' dir='ltr'><strong>summam</strong></span> <span class='ocrx_word' id='word_1_300' title='bbox 1129 3713 1265 3783; x_wconf 88' lang='lat' dir='ltr'><strong>planitiem</strong></span> <span class='ocrx_word' id='word_1_301' title='bbox 1324 3757 1327 3766; x_wconf 91' lang='lat'><em>.</em></span> 
     </span>
     <span class='ocr_line' id='line_1_37' title="bbox 209 3787 1264 3863; baseline -0.001 -16"><span class='ocrx_word' id='word_1_302' title='bbox 209 3807 333 3858; x_wconf 76' lang='lat' dir='ltr'><strong>secetur,</strong></span> <span class='ocrx_word' id='word_1_303' title='bbox 363 3794 439 3863; x_wconf 84' lang='lat' dir='ltr'><strong>cujus</strong></span> <span class='ocrx_word' id='word_1_304' title='bbox 463 3790 563 3863; x_wconf 77' lang='lat' dir='ltr'><strong>generis</strong></span> <span class='ocrx_word' id='word_1_305' title='bbox 589 3790 715 3843; x_wconf 84' lang='lat' dir='ltr'><strong>miracula</strong></span> <span class='ocrx_word' id='word_1_306' title='bbox 758 3809 831 3844; x_wconf 83' lang='lat' dir='ltr'><strong>suam</strong></span> <span class='ocrx_word' id='word_1_307' title='bbox 858 3791 974 3860; x_wconf 79' lang='lat' dir='ltr'><strong>margine</strong></span> <span class='ocrx_word' id='word_1_308' title='bbox 998 3793 1089 3844; x_wconf 89' lang='lat' dir='ltr'><strong>subtus</strong></span> <span class='ocrx_word' id='word_1_309' title='bbox 1111 3810 1176 3844; x_wconf 85' lang='lat' dir='ltr'><strong>cavo</strong></span> <span class='ocrx_word' id='word_1_310' title='bbox 1193 3787 1264 3854; x_wconf 86' lang='lat' dir='ltr'><strong>(hoc</strong></span> 
     </span>
     <span class='ocr_line' id='line_1_38' title="bbox 208 3869 1263 3944; baseline -0.001 -19"><span class='ocrx_word' id='word_1_311' title='bbox 208 3872 307 3944; x_wconf 87' lang='lat' dir='ltr'><strong>passim</strong></span> <span class='ocrx_word' id='word_1_312' title='bbox 333 3870 467 3924; x_wconf 84' lang='lat' dir='ltr'><strong>videntur.</strong></span> <span class='ocrx_word' id='word_1_313' title='bbox 500 3871 613 3924; x_wconf 80' lang='lat' dir='ltr'><strong>Enarrat</strong></span> <span class='ocrx_word' id='word_1_314' title='bbox 639 3869 716 3942; x_wconf 84' lang='lat' dir='ltr'><strong>plura</strong></span> <span class='ocrx_word' id='word_1_315' title='bbox 758 3871 829 3924; x_wconf 86' lang='lat' dir='ltr'><strong>enim</strong></span> <span class='ocrx_word' id='word_1_316' title='bbox 838 3883 876 3922; x_wconf 84' lang='lat' dir='ltr'><strong>est</strong></span> <span class='ocrx_word' id='word_1_317' title='bbox 882 3870 1000 3939; x_wconf 61' lang='lat' dir='ltr'><strong>madens,</strong></span> <span class='ocrx_word' id='word_1_318' title='bbox 1007 3871 1107 3940; x_wconf 82' lang='lat' dir='ltr'><strong>pensile,</strong></span> <span class='ocrx_word' id='word_1_319' title='bbox 1118 3871 1263 3942; x_wconf 81' lang='lat' dir='ltr'><strong>suspensum)</strong></span> 
     </span>
     <span class='ocr_line' id='line_1_39' title="bbox 208 3948 1264 4022; baseline -0.003 -17"><span class='ocrx_word' id='word_1_320' title='bbox 208 3952 280 4005; x_wconf 87' lang='lat' dir='ltr'><strong>Pliu.</strong></span> <span class='ocrx_word' id='word_1_321' title='bbox 304 3954 347 4017; x_wconf 89' lang='lat'><strong>11,</strong></span> <span class='ocrx_word' id='word_1_322' title='bbox 374 3951 437 4004; x_wconf 86' lang='lat'><strong>103.</strong></span> <span class='ocrx_word' id='word_1_323' title='bbox 460 3948 606 4004; x_wconf 81' lang='lat' dir='ltr'><strong>Pelluoidas</strong></span> <span class='ocrx_word' id='word_1_324' title='bbox 628 3962 715 4002; x_wconf 82' lang='lat' dir='ltr'><strong>autern</strong></span> <span class='ocrx_word' id='word_1_325' title='bbox 759 3951 806 4022; x_wconf 90' lang='lat' dir='ltr'><strong>qui</strong></span> <span class='ocrx_word' id='word_1_326' title='bbox 815 3967 905 4019; x_wconf 83' lang='lat' dir='ltr'><strong>margo</strong></span> <span class='ocrx_word' id='word_1_327' title='bbox 918 3961 1042 4020; x_wconf 86' lang='lat' dir='ltr'><strong>tauquam</strong></span> <span class='ocrx_word' id='word_1_328' title='bbox 1051 3954 1264 4006; x_wconf 72' lang='lat' dir='ltr'><strong>scenaeoioisvi-</strong></span> 
     </span>
     <span class='ocr_line' id='line_1_40' title="bbox 209 4029 1263 4102; baseline 0 -18"><span class='ocrx_word' id='word_1_329' title='bbox 209 4029 287 4084; x_wconf 76' lang='lat' dir='ltr'><strong>valde</strong></span> <span class='ocrx_word' id='word_1_330' title='bbox 302 4033 384 4094; x_wconf 83' lang='lat' dir='ltr'><strong>fuisse</strong></span> <span class='ocrx_word' id='word_1_331' title='bbox 399 4031 481 4084; x_wconf 76' lang='lat' dir='ltr'><strong>fontis</strong></span> <span class='ocrx_word' id='word_1_332' title='bbox 494 4033 588 4102; x_wconf 81' lang='lat' dir='ltr'><strong>aqdas,</strong></span> <span class='ocrx_word' id='word_1_333' title='bbox 607 4041 717 4100; x_wconf 79' lang='lat' dir='ltr'><strong>apparet</strong></span> <span class='ocrx_word' id='word_1_334' title='bbox 759 4029 932 4099; x_wconf 87' lang='lat' dir='ltr'><strong>rentibusque</strong></span> <span class='ocrx_word' id='word_1_335' title='bbox 955 4031 1097 4100; x_wconf 80' lang='lat' dir='ltr'><strong>cespitibus</strong></span> <span class='ocrx_word' id='word_1_336' title='bbox 1121 4045 1263 4100; x_wconf 75' lang='lat' dir='ltr'><strong>contexte,</strong></span> 
     </span>
     <span class='ocr_line' id='line_1_41' title="bbox 208 4106 1267 4186; baseline 0.002 -22"><span class='ocrx_word' id='word_1_337' title='bbox 208 4131 242 4165; x_wconf 81' lang='lat' dir='ltr'><strong>ex</strong></span> <span class='ocrx_word' id='word_1_338' title='bbox 252 4111 324 4166; x_wconf 88' lang='lat' dir='ltr'><strong>Suet.</strong></span> <span class='ocrx_word' id='word_1_339' title='bbox 337 4111 428 4165; x_wconf 84' lang='lat' dir='ltr'><strong>Tiber.</strong></span> <span class='ocrx_word' id='word_1_340' title='bbox 438 4129 461 4164; x_wconf 88' lang='lat' dir='ltr'><strong>c.</strong></span> <span class='ocrx_word' id='word_1_341' title='bbox 474 4109 505 4164; x_wconf 80' lang='lat'><strong>15</strong></span> <span class='ocrx_word' id='word_1_342' title='bbox 514 4145 523 4174; x_wconf 91' lang='lat'><strong>,</strong></span> <span class='ocrx_word' id='word_1_343' title='bbox 533 4109 579 4164; x_wconf 90' lang='lat' dir='ltr'><strong>ubi</strong></span> <span class='ocrx_word' id='word_1_344' title='bbox 587 4107 621 4163; x_wconf 90' lang='lat' dir='ltr'><strong>de</strong></span> <span class='ocrx_word' id='word_1_345' title='bbox 631 4108 717 4164; x_wconf 79' lang='lat' dir='ltr'><strong>aureis</strong></span> <span class='ocrx_word' id='word_1_346' title='bbox 760 4106 920 4176; x_wconf 81' lang='lat' dir='ltr'><strong>circumdat,</strong></span> <span class='ocrx_word' id='word_1_347' title='bbox 939 4122 1054 4180; x_wconf 60' lang='lat' dir='ltr'><strong>coronat,</strong></span> <span class='ocrx_word' id='word_1_348' title='bbox 1072 4113 1267 4186; x_wconf 68' lang='lat' dir='ltr'><strong>etponetringit</strong></span> 
     </span>
    </p>
   </div>
   <div class='ocr_carea' id='block_1_4' title="bbox 262 4216 1110 4298">
    <p class='ocr_par' dir='ltr' id='par_1_12' title="bbox 262 4216 1110 4298">
     <span class='ocr_line' id='line_1_42' title="bbox 262 4216 1110 4298; baseline 0.002 -10"><span class='ocrx_word' id='word_1_349' title='bbox 262 4224 312 4288; x_wconf 88' lang='lat' dir='ltr'><strong>II.</strong></span> <span class='ocrx_word' id='word_1_350' title='bbox 953 4281 956 4286; x_wconf 95' lang='lat'>.</span> <span class='ocrx_word' id='word_1_351' title='bbox 1063 4216 1110 4298; x_wconf 81' lang='lat'><strong>23</strong></span> 
     </span>
    </p>
   </div>
   <div class='ocr_carea' id='block_1_5' title="bbox 0 0 1529 4900">
    <p class='ocr_par' dir='ltr' id='par_1_13' title="bbox 0 0 1529 4900">
     <span class='ocr_line' id='line_1_43' title="bbox 0 0 1529 4900; baseline 0 0"><span class='ocrx_word' id='word_1_352' title='bbox 0 0 1529 4900; x_wconf 95' lang='lat' dir='ltr'><strong> </strong></span> 
     </span>
    </p>
   </div>
  </div>
 </body>
</html>
