3034 4900
224 453 297 526 232
458 454 532 525 CL.
560 454 862 524 CLAUDIANI
890 455 1050 525 XXXV.

222 586 285 656 Hic
303 585 409 656 ederae
426 600 581 682 serpunt,
595 586 650 656 hic
668 587 844 682 pampinus
860 587 967 656 induit
982 584 1099 658 ulmos

221 693 320 762 Haud
337 691 454 787 procul
471 691 547 762 inde
564 691 655 763 lacus
673 687 834 788 (Pergum
852 693 963 772 diacre
981 687 1109 782 Sicani)

221 798 397 886 Panditur,
413 813 447 869 et
464 823 638 870 nemorum
655 799 813 870 frondoso
831 801 980 895 margine
996 801 1126 870 cinctus

221 905 349 976 Vicinis
367 903 514 1002 pallescit
533 906 646 1002 aquis:
665 906 810 976 admittit
827 908 861 975 in
880 905 983 977 altum

223 1011 404 1082 Cernentes
422 1010 551 1099 oculos,
569 1027 603 1082 et
619 1011 684 1082 late
695 1013 835 1111 pervius
852 1013 975 1084 humor

222 1119 325 1188 Ducit
341 1117 521 1190 inoffensos
538 1117 661 1214 liquido
679 1119 740 1190 sub
758 1121 888 1215 gurgite
904 1121 1012 1207 visus,

221 1225 358 1318 Imaque
375 1225 542 1319 perspicui
558 1225 671 1319 prodit
687 1241 815 1296 secreta
830 1225 997 1322 profirudi.

275 1333 351 1400 Huc
368 1330 479 1426 elapsa
495 1330 615 1401 cohors
632 1331 778 1428 gaudent
794 1355 855 1426 per
871 1333 974 1402 florea
991 1356 1089 1421 rura;

221 1440 383 1507 Hortatur
400 1437 566 1532 Cytherea
582 1435 713 1534 legant:
737 1467 755 1503 a
768 1438 868 1508 Nunc
885 1440 949 1528 ite,
965 1463 1114 1526 sorores,

221 1545 313 1612 Dum
330 1541 499 1614 matutinis
515 1544 681 1638 praesudat
698 1541 822 1614 solibus
840 1569 896 1616 aer
913 1571 924 1632 ς

222 1649 313 1717 Dum
331 1673 425 1720 meus
442 1649 612 1720 humectat
630 1650 788 1720 flaventes
806 1651 941 1722 Lucifer
958 1676 1072 1746 agros,

221 1755 361 1826 Roranti
377 1770 561 1851 praevectus
579 1781 673 1852 equo.
692 1785 710 1821 s
729 1759 786 1839 sic
803 1756 891 1846 iata,
909 1757 1033 1828 doloris

222 1962 276 2018 luit
289 1964 415 2036 pulchre,
423 1977 454 2018 ut
465 1963 560 2031 restit,
569 1963 727 2020 circumdat.
773 1967 865 2020 Venus
874 1980 1037 2020 vocatsnnm
1049 1977 1104 2020 :est
1113 1967 1186 2022 enim
1196 1965 1284 2034 idem,

255 2062 320 2098 rra.
329 2041 550 2116 operaepretium
561 2057 600 2099 est
608 2045 729 2099 conterre
773 2051 840 2104 Quen
847 2053 916 2093 Venus
924 2052 1025 2094 nuntio·
1035 2063 1134 2094 mrem
1143 2053 1284 2107 tupris-a,

222 2123 426 2182 Ciceronianam
445 2124 547 2178 Henna
571 2123 729 2198 descriptio·
772 2124 1282 2198 atcanitVirg.AEneid.V111,5903

222 2223 301 2270 uem,
313 2205 485 2278 cujualocnm
496 2203 675 2260 indicavimus
685 2241 693 2271 ,
704 2219 730 2259 et
775 2205 854 2276 Quem
871 2207 954 2259 Venus
974 2207 1065 2261 illustri
1082 2208 1175 2278 gaudet
1190 2205 1282 2278 produ·

222 2285 364 2342 renuimus
371 2285 528 2356 particulam
537 2282 571 2339 ad
579 2305 605 2340 v.
615 2305 659 2356 7².
670 2287 732 2339 Per·
773 2306 826 2338 cera
833 2287 910 2350 eoelo,
924 2287 984 2341 Vrl.
995 2287 1034 2340 ΕΙ.
1043 2287 1099 2353 vt,
1109 2286 1176 2342 528.
1184 2287 1283 2339 Obser-

222 2366 352 2438 gratiacus
365 2363 685 2420 describitursuavissimc
697 2366 730 2418 ab
773 2384 867 2420 vernus
889 2366 994 2432 obiter,
1015 2366 1212 2438 antiquissimos
1226 2384 1282 2418 non

224 2443 304 2503 Ovid
315 2445 425 2512 new,
439 2443 493 2501 385
506 2464 546 2517 sq.
773 2460 846 2500 recto
875 2464 954 2512 casu,
983 2445 1145 2510 semmam,
1167 2445 1282 2509 lovem,

266 2532 331 2591 114.
347 2526 440 2579 licinia
448 2524 563 2595 margini
576 2528 644 2598 aquis
651 2524 730 2595 palle-
773 2526 907 2579 Venerem
923 2524 1019 2579 dixisse
1031 2525 1151 2595 planetas
1163 2563 1171 2593 ,
1185 2522 1230 2576 sed
1247 2524 1282 2575 il-

223 2609 269 2659 acit
277 2606 364 2670 lacus,
373 2604 402 2658 h.
413 2623 437 2659 e.
449 2602 586 2659 viridescit
595 2605 628 2657 ah
639 2622 729 2675 reper-
772 2603 813 2657 los
827 2602 977 2675 adsignasse
990 2605 1032 2657 his
1043 2602 1103 2656 diis.
1113 2604 1150 2655 V.
1168 2602 1202 2655 G.
1218 2600 1281 2654 sri-

223 2704 299 2739 cnssa
317 2682 445 2738 viridium
467 2684 582 2738 umbra:
604 2702 663 2755 quas
687 2701 730 2737 res
773 2673 1279 2749 stotelesdeMundo‚c.ll,dsriaGes

223 2775 313 2819 tamen
336 2781 392 2816 non
410 2762 544 2835 impedit,
563 2782 617 2835 qno
639 2762 730 2817 minus
773 2763 866 2833 dsirplts
877 2751 1279 2834 inpressionem-..croceos-

216 2860 272 2915 .per
301 2838 461 2913 profundam
489 2842 552 2895 satis
576 2860 673 2915 aquam
696 2840 731 2895 ad
773 2842 842 2912 φόρου
862 2832 991 2912 (sistor)
1014 2844 1039 2896 ὃν
1052 2834 1189 2913 dppodirac
1202 2878 1279 2896 .....

221 2922 310 2993 ipsum
342 2918 456 2975 lundam
488 2919 561 2975 lacus
590 2934 731 2993 penetrare
771 2919 1139 2993 mooapopaioachicdeN.
1147 2922 1181 2974 D.
1189 2922 1226 2987 11,
1234 2940 1281 2986 ao,

221 3002 327 3073 possint
344 3000 423 3055 oculi.
439 2999 527 3053 Habet
543 3000 623 3055 talem
640 3000 729 3055 lacum
772 3000 850 3053 Stella
866 3002 986 3065 Veneris,
1003 3022 1056 3074 quc
1070 3002 1198 3073 Φωσφόρος
1213 3020 1280 3072 groe·

221 3080 322 3135 vicinia
332 3092 437 3147 nocua,
448 3080 500 3133 hoc
511 3092 566 3145 est,
582 3081 683 3133 iontem
695 3080 729 3135 li·
774 3100 815 3145 oe,
830 3081 929 3149 latetfier
943 3082 1018 3133 latiare
1030 3081 1136 3144 dicitm
1148 3100 1220 3153 quum
1234 3098 1279 3132 aa·

222 3160 382 3233 qnidissimn
396 3159 729 3232 saluberrimumque,
773 3160 906 3230 tegi-editur
921 3161 1021 3226 Solem,
1043 3181 1114 3233 quum
1131 3160 1282 3233 sudsequittrr

222 3238 260 3294 ita
270 3239 408 3313 copiosum
418 3280 427 3307 ‚
439 3252 469 3294 ut
482 3239 585 3294 emittat
596 3238 684 3293 statim
694 3241 730 3293 ri·
750 3260 754 3269 ·
771 3252 865 3306 autam,
885 3242 1015 3311 Hesperos.
1038 3242 1119 3295 Recte
1139 3240 1221 3311 igitur
1237 3238 1279 3292 di·

221 3338 286 3373 vum
305 3320 374 3371 mola
393 3320 510 3372 hosarum
526 3313 580 3381 (sic
594 3318 668 3372 enim
679 3338 727 3373 vo·
771 3320 912 3391 stinguunt
923 3332 1008 3393 poetae
1021 3323 1103 3374 Deam
1116 3338 1132 3373 a
1146 3339 1195 3373 suo
1208 3316 1280 3374 aida·

221 3395 317 3463 catur)
338 3398 462 3470 pluribus
480 3398 547 3453 rotis
561 3398 728 3471 impellendis
771 3417 815 3454 re:
829 3412 900 3454 recte
914 3394 987 3473 apffid
1002 3401 1112 3466 Silium,
1125 3400 1194 3466 vlt,
1206 3398 1277 3466 639,

220 3474 357 3531 idoneum.
774 3481 931 3533 «..0oeani
939 3494 1081 3535 renovatas
1088 3479 1197 3533 Lucifer
1204 3476 1280 3531 unda

265 3576 331 3612 rao.
346 3556 476 3610 Proesudat
494 3576 537 3609 aer
548 3557 654 3622 sottus,
675 3559 727 3612 hoc
771 3557 907 3613 Laudatur
914 3561 1027 3629 Veneri;
1039 3587 1050 3609 2
1059 3559 1201 3625 recteXll,
1213 3564 1281 3627 247,

220 3648 277 3705 est,
291 3649 353 3691 ante
372 3647 463 3691 aestum
483 3636 545 3691 solia
559 3649 667 3691 anctum
680 3635 727 3690 ad·
770 3638 963 3706 eodemsensu,
972 3640 1112 3713 Cythereius
1121 3641 1281 3708 ignis...sese

219 3716 274 3770 huc
285 3717 421 3782 roscidus,
432 3716 484 3770 hoo
497 3728 552 3783 est,
565 3716 691 3771 humidus
700 3702 727 3772 ei
772 3719 864 3772 Veneri
866 3722 957 3790 jactat.

218 3797 383 3869 subfrigidus
399 3808 446 3849 est.
457 3827 498 3843 ·-
512 3798 643 3849 Proesudat
661 3795 725 3851 dum
813 3818 878 3853 rar.
896 3802 981 3869 Equru
996 3818 1080 3851 rorans
1099 3797 1214 3870 pulchre
1230 3795 1280 3851 tri-

218 3894 251 3927 ex
259 3879 445 3945 aare,oriente
455 3876 577 3943 sole,ros
585 3877 668 3931 veluti
679 3898 725 3931 su·
769 3878 862 3931 buitur
874 3880 1016 3945 Lucifero,
1032 3876 1106 3950 quod
1125 3896 1219 3941 mane,
1238 3895 1280 3929 se-

218 3952 270 4008 dor
283 3955 356 4020 fluit,
369 3969 396 4010 et
413 3955 498 4010 solem
511 3957 641 4011 umentem
656 3976 725 4029 prte-
769 3976 835 4011 reno
848 3958 914 4013 caclo
924 3979 969 4013 ros
979 3959 1090 4013 exsistit.
1102 3957 1181 4027 Signa
1189 3956 1281 4008 doloris

218 4031 298 4089 cedit.
769 4038 884 4091 Veneris
894 4052 957 4093 sunt
965 4056 1101 4091 anemonas
1110 4056 1143 4091 ex
1152 4036 1278 4106 sanguine

257 4114 722 4181 121.Luctssnoa:recteLucitemm
770 4116 901 4173 Adonidis
916 4120 950 4173 ab
961 4119 1007 4173 illa
1019 4118 1144 4188 capitata.
1162 4111 1277 4168 vidend.
