3034 4900
386 416 725 535 nevimus.
755 466 997 534 nononis.
1153 494 1216 539 ιιι

158 597 248 669 Talia
265 597 347 666 dum
370 620 485 667 seeum
507 610 620 665 moret
640 597 772 683 anxius,
793 594 926 665 advolat
946 621 1011 666 uno

159 705 341 789 Naiadum,
361 700 508 772 resoluta
523 726 676 790 comam;
694 702 932 797 complexaque
946 716 1093 798 patrem,

166 814 247 879 «En
270 808 439 895 Alaricus,
454 809 516 893 ait,
531 832 599 877 non
620 806 750 901 qualem
770 833 876 902 nuper
891 823 1046 895 ovantem
1076 800 1087 807 ⁸

161 916 333 985 Vidimus:
355 938 558 1007 exsangues,
572 916 720 1007 genitor,
734 915 896 983 mirabere
912 914 1031 985 vultus.
1186 944 1223 986 ns

161 1024 357 1090 Percensere
373 1044 527 1105 manum,
548 1032 705 1112 tantaque
721 1044 762 1087 ex
782 1035 880 1113 gente
893 1020 1022 1113 juvabit

162 1126 341 1221 Relliquias
357 1148 547 1193 numerasse
562 1124 697 1195 breues:
711 1126 778 1219 jam
799 1125 910 1195 desine
931 1143 1048 1197 moesta

162 1235 283 1302 Fronte
304 1232 415 1325 queri,
429 1230 667 1324 Nymphasque
685 1232 794 1301 choris
808 1232 876 1325 jam
895 1232 995 1302 redde
1010 1258 1148 1304 sorores.
1164 1266 1181 1299 »

214 1340 376 1406 Dixerat:
393 1334 447 1404 ille
465 1351 566 1430 caput
586 1335 722 1431 placidis
740 1336 879 1407 sublime
901 1338 1033 1409 fluentis
1104 1352 1108 1363 '

162 1442 305 1530 Extulit,
323 1457 358 1511 et
373 1443 450 1511 totis
468 1440 575 1511 lucem
590 1444 778 1537 spargentia
791 1446 869 1537 ripis
1159 1511 1163 1519 ,
1187 1476 1224 1515 ιε.

162 1554 273 1617 Aurea
288 1549 414 1617 roranti
434 1548 621 1617 micuerunt
639 1572 766 1617 cornua
783 1547 886 1619 vultu.

162 1657 242 1724 Non
259 1654 306 1723 illi
326 1653 495 1723 madidum
513 1653 658 1749 vulgaris
676 1653 837 1723 arundine
856 1656 979 1725 crinem

162 1760 262 1829 Velat
280 1760 393 1831 honos
405 1760 520 1840 :rami
538 1773 638 1855 caput
655 1759 851 1829 umbravere
871 1762 1014 1831 virentes

162 1865 361 1953 Heliadum,
377 1868 520 1961 totisque
535 1866 645 1935 fluunt
664 1864 785 1935 electra
804 1865 940 1962 capillis.

161 1972 251 2042 Palla
266 1973 348 2067 tegit
368 1971 451 2042 latos
471 1972 647 2059 humeros,
665 1986 987 2066 curruquepaterno
1187 2002 1225 2040 us

162 2080 313 2148 intextus
331 2078 505 2147 Phaethon
525 2076 659 2173 glaucos
678 2078 826 2147 incendit
842 2080 999 2147 amictus:
1035 2081 1038 2087 '

201 2287 671 2359 rsut’eroemmmumquumdieit,
714 2306 771 2340 uon
785 2301 845 2352 est,
861 2300 892 2340 ut
909 2288 988 2355 alias,
1001 2286 1160 2354 arundinea,
1179 2290 1224 2343 sed

165 2366 608 2438 paucitatemsignilicat,quujam
616 2386 671 2421 non
714 2368 853 2439 populea,
873 2368 903 2420 iu
925 2384 1003 2439 quam
1025 2369 1146 2422 arborem
1165 2389 1225 2422 mu·

165 2444 222 2500 dici
242 2459 358 2500 meretur
375 2446 505 2501 exercitus
516 2488 525 2513 ,
536 2467 597 2519 quae
616 2467 672 2500 nou
714 2461 775 2502 tatas
787 2446 962 2502 Phaethontis
969 2451 1224 2515 sorores‚Heliades:

163 2527 281 2598 campis,
300 2545 367 2597 quos
387 2540 518 2598 occupat,
535 2539 672 2592 censetur,
714 2545 747 2580 ex
759 2528 811 2601 hee
824 2547 924 2581 corona
934 2529 1038 2600 fluant,
1056 2529 1111 2584 sire
1124 2531 1225 2584 stillant

163 2605 209 2660 sed
221 2607 297 2659 nullo
311 2607 419 2678 negotio
429 2610 563 2677 pomeri
579 2620 606 2660 et
618 2608 671 2660 sin·
715 2608 828 2672 electra,
840 2617 894 2660 etc.

162 2686 274 2758 gulatim
282 2685 418 2740 numerari
427 2697 525 2756 potest.
758 2687 974 2750 164.⁸Helr'adum.
988 2687 1035 2742 Has
1047 2687 1084 2741 sic
1098 2686 1225 2741 dicuntur

205 2769 273 2820 161.
287 2765 387 2818 Consua
396 2765 577 2829 Fluminibus,
592 2765 672 2818 etism
716 2767 765 2818 ἀπὸ
775 2771 817 2818 τοῦ
828 2759 915 2829 Ἡλίου,
925 2785 939 2818 s
949 2767 1009 2819 Sole
1018 2807 1025 2830 ,
1034 2769 1111 2840 cujus
1124 2779 1187 2820 suut
1196 2769 1229 2820 li·

163 2863 246 2916 quum
253 2844 559 2915 tauriformecsputnon
566 2845 673 2910 habent,
715 2845 803 2898 limet
814 2863 897 2916 quum
905 2845 1096 2900 Phaethontem
1106 2847 1227 2912 fratrem,

162 2925 260 2990 tribui,
268 2927 324 2994 jam
331 2923 522 2977 monuimusad
530 2925 596 2990 XX,
609 2926 673 2977 163.
715 2923 789 2978 lovis
800 2925 911 2978 fulmine
922 2924 1053 2997 dejectum
1064 2925 1225 2991 ,deflerent,

163 3006 249 3056 Aures
262 3005 309 3056 hic
321 3017 395 3068 mut,
408 3015 491 3074 puto,
506 3003 540 3056 ad
553 3003 674 3056 iudicatr-
715 3008 797 3057 r'ersae
819 3005 927 3057 suntin
952 3005 1025 3078 alnos
1045 3023 1074 3057 ex
1092 3006 1224 3077 Virgilio,

162 3081 228 3136 dam
243 3084 316 3136 illam
326 3081 495 3139 divinitatem
510 3095 538 3136 et
552 3102 675 3136 καταστι·
717 3094 762 3136 sut
776 3101 808 3135 ex
821 3083 919 3137 Ovidio
935 3084 962 3136 in
980 3085 1095 3154 populos
1119 3086 1225 3154 nigras,

163 3163 251 3232 nepti
261 3161 380 3216 hidam.
388 3164 438 3216 Est
446 3163 492 3216 hic
504 3163 579 3215 locus
589 3163 617 3214 in
626 3162 674 3228 iis,
717 3159 843 3215 electrum
851 3163 1025 3235 lacrymantes
1031 3161 1064 3214 ad
1071 3163 1142 3232 ripas
1150 3163 1227 3226 Pudi,

163 3242 212 3294 ubi
223 3259 282 3294 nou
292 3243 389 3295 variam
399 3241 482 3295 modo
493 3241 674 3294 eruditionem
716 3260 764 3295 seu
795 3241 911 3296 Eridani.
942 3241 1070 3296 Nonnulli
1100 3242 1227 3294 electrum

162 3319 282 3374 ostendit
299 3322 413 3387 Noctem
435 3320 481 3374 sed
502 3321 583 3374 etism
598 3320 676 3374 suda·
718 3321 848 3393 Apollinis
869 3322 951 3393 ipsius
971 3320 1098 3390 lacrymas
1114 3339 1169 3373 esse
1183 3321 1226 3374 di-

163 3401 229 3454 ciaru
242 3401 296 3454 sibi
310 3403 427 3473 sumpsit
440 3415 528 3473 poeta
544 3401 673 3471 primarii.
716 3413 823 3454 xerunt.

163 3479 242 3534 Ponit
260 3479 411 3534 Eridanum
427 3499 448 3532 s·
465 3479 568 3533 Padum
580 3481 608 3532 in
625 3480 676 3534 hac
760 3479 822 3534 165.
836 3481 896 3532 Jam
914 3477 981 3532 illud
999 3498 1098 3547 novum
1121 3491 1148 3533 et
1161 3481 1225 3543 tun

167 3555 675 3630 priuatione'nonvutgnirtuviomm
718 3557 792 3631 quod
809 3560 902 3630 pollam
925 3558 972 3611 dat
987 3558 1126 3624 Eridano,
1141 3579 1225 3630 quum

166 3637 260 3690 habitu
281 3659 359 3692 usum
376 3637 449 3692 :sed
470 3639 573 3694 caeleste
595 3639 677 3692 decus
718 3637 787 3692 nudi
799 3639 854 3691 sint
868 3639 948 3703 alias,
969 3657 1055 3710 neme
1075 3639 1229 3702 immerito,

168 3734 247 3768 mum
257 3737 309 3788 pre
320 3739 348 3772 se
357 3719 431 3772 ferre
440 3719 568 3772 cornibus
580 3719 675 3781 aureis,
719 3718 817 3772 Plurii.
836 3719 867 3770 In
884 3717 935 3770 hac
946 3717 1015 3788 pulla
1028 3717 1112 3788 glauci
1131 3716 1228 3769 coloris

166 3813 283 3860 corona,
296 3800 392 3854 amictu
406 3798 521 3870 figurato
540 3811 568 3850 et
583 3817 674 3852 urna:
719 3817 739 3850 s.
752 3796 883 3869 squei,ex
893 3815 959 3849 auro
971 3797 1134 3849 intextusest
1144 3795 1228 3848 Phue-

165 3892 253 3945 eaque
265 3878 440 3932 annitomnia
456 3896 489 3931 ex
505 3877 677 3932 Phaethontis
719 3879 803 3942 thou,
819 3878 847 3929 in
859 3894 940 3928 curru
957 3875 1026 3927 Solis
1045 3873 1128 3944 patuis
1140 3875 1227 3929 adhue

163 3953 277 4018 fabula,
297 3968 327 4009 ut
347 3977 411 4012 mox
430 3957 581 4030 siugulatim
602 3957 676 4012 vide·
718 3955 830 4010 boreus.

164 4034 266 4088 bimus.
765 4039 825 4088 166.
842 4031 959 4085 Incendit.
969 4031 1104 4086 Phaethon
1113 4034 1228 4089 intextus

203 4113 270 4169 163.
284 4115 370 4170 Honos
380 4116 493 4190 capitis,
505 4134 618 4179 corona,
632 4117 678 4169 bic
722 4133 770 4168 seu
783 4112 904 4188 depictus
914 4113 941 4165 in
953 4125 1026 4166 reste
1035 4112 1159 4179 Eridani,
1172 4133 1230 4166 eam
