3034 4900
411 475 483 542 DE
511 473 684 544 BELLO
711 473 926 543 GETICO.
1155 472 1204 560 db
1292 501 1297 510 ·

113 603 271 674 Plurima
289 604 349 674 sed
363 604 521 698 quamvis
536 604 635 672 variis
651 602 812 673 miracula
829 606 986 673 monstris

112 713 342 806 ingeminent
358 725 494 780 teneras
511 711 665 780 vincturo
684 710 832 781 carmine
850 725 997 798 mentes,

115 818 363 913 Harpyiasque
380 832 513 903 truces,
531 817 745 911 insopitisque
760 815 907 886 refusum

114 923 309 994 Tractibus
323 924 437 992 aurati
459 921 630 994 custodem
651 921 782 992 velleris
802 946 962 1017 anguem,

118 1031 165 1098 Et
179 1031 271 1124 juga
295 1045 477 1099 taurorum
492 1029 616 1124 rapidis
635 1028 787 1098 ambusta
803 1027 942 1113 favillis,

120 1137 166 1204 Et
182 1136 320 1205 virides
339 1135 443 1231 galeis
463 1134 589 1223 sulcos,
610 1134 757 1229 fetasque
775 1134 910 1204 novales
981 1144 988 1154 ‘

122 1241 269 1330 blartis,
296 1245 387 1311 etin
410 1255 555 1337 segetem
577 1241 753 1311 crescentis
774 1242 898 1310 semina
917 1238 1015 1326 belli3

125 1344 179 1416 Nil
197 1350 302 1418 veris
320 1346 448 1442 aequale
465 1347 602 1416 dabunt.
622 1347 804 1416 Prohibere
821 1370 957 1441 rapaces

125 1451 264 1523 Scilicet
284 1455 468 1549 Harpyias,
485 1477 616 1547 unaque
634 1451 807 1522 excludere
827 1476 942 1522 mensa

127 1559 293 1629 Nobilior
314 1560 446 1649 titulus,
468 1585 568 1654 quam
588 1574 638 1628 tot
657 1561 802 1656 potuisse
818 1573 951 1653 paratas

129 1749 184 1804 tuit
201 1753 297 1806 carina
317 1753 418 1822 Argita,
434 1757 511 1823 cnjus
531 1752 658 1805 animavit
700 1754 727 1806 in
742 1754 843 1807 cineres
867 1751 933 1805 adeo
950 1749 1020 1804 illud
1043 1764 1207 1809 matertere.

132 1843 162 1884 et
180 1833 304 1904 reliqum
324 1833 436 1894 tabula,
457 1851 472 1884 e
491 1833 581 1885 cerina
599 1845 655 1885 tan·
742 1834 787 1887 2⁵.
798 1834 828 1886 V
825 1832 897 1886 irides
905 1850 961 1884 non
971 1832 1089 1884 colorem
1099 1832 1208 1899 indicat,

134 1929 219 1982 quam
230 1925 319 1966 costas
330 1931 346 1964 e
357 1911 434 1982 spina
445 1909 518 1964 domi
527 1924 615 1982 aptas,
626 1924 657 1965 nt
700 1926 779 1986 puto,
788 1931 882 1966 reram
890 1911 943 1964 boc
953 1910 1034 1964 modo
1041 1950 1050 1979 ,
1058 1930 1109 1983 pro
1118 1914 1208 1968 herbis

136 2003 194 2044 tota
206 1992 283 2045 naris
292 1989 403 2044 fatidica
413 1989 467 2044 dici
477 1991 603 2062 potuerit.
613 1990 656 2046 cf.
700 2007 727 2048 et
747 1991 882 2058 ‚viduum
906 1991 1050 2062 prosiliisse
1074 1989 1109 2045 de
1130 1994 1210 2048 sulcia

139 2068 175 2122 ad
185 2071 260 2138 vn,
275 2073 390 2124 utt-
398 2071 515 2124 Amase
526 2071 587 2142 an.
699 2073 799 2146 galeata
811 2072 912 2144 capita,
928 2082 955 2123 et
966 2071 1069 2142 rebqua
1082 2069 1215 2152 deinceps

184 2169 232 2203 ar.
252 2150 377 2204 aanor
395 2154 543 2220 ugentinum
558 2161 658 2222 poete,
700 2153 819 2206 membra
844 2161 1014 2220 armatorum.
1042 2150 1122 2215 Quod
1142 2155 1210 2219 setas

143 2227 177 2281 h.
200 2245 224 2280 e.
247 2243 361 2300 augent,
381 2229 561 2302 multiplicant
581 2233 658 2282 acriis
700 2233 800 2294 Martr's,
813 2229 866 2282 boe
877 2242 926 2292 est,
934 2233 1211 2295 mmmmmccclx

146 2307 657 2382 mtasemandirffiualiasuntllar·
701 2310 779 2375 dicit,
795 2308 952 2379 metaphora
969 2308 1056 2360 catab
1070 2309 1210 2364 animanti-

148 2387 237 2459 pyiar,
257 2387 353 2453 dnoo,
375 2391 442 2441 tauri
460 2389 597 2460 ignivomi.
618 2421 658 2435 --
682 2457 684 2465 Α
701 2394 751 2446 hus
770 2401 853 2444 macta
865 2407 872 2441 ε
881 2392 938 2456 seta
951 2387 1022 2440 enim
1037 2401 1076 2440 est
1088 2407 1147 2460 que
1163 2410 1207 2463 pe-

149 2468 253 2521 Vr'ctmn
263 2468 343 2521 MSS.
358 2471 388 2523 it.
405 2470 466 2539 Caj.
481 2472 571 2521 victuri
581 2468 657 2523 MSS.
701 2472 779 2543 perit.
787 2467 1153 2540 Ceteramlacilevideo,per
1158 2470 1209 2543 by-

145 2550 334 2619 ea'eetan'vulg.
421 2555 424 2567 ’
700 2548 1209 2623 pallegenponipouebelhm,i.e.bello

187 2648 232 2694 aa,
249 2629 426 2698 a3.1asopitis
438 2630 569 2691 tractibus,
582 2631 658 2689 ὁλκοῖς
702 2647 877 2685 concursuros
891 2640 1005 2681 armatos
1019 2648 1120 2680 crescere
1134 2633 1159 2681 ia
1171 2652 1209 2684 sc·

146 2706 179 2757 ab
192 2710 273 2770 thau,
293 2728 317 2761 a.
332 2708 411 2779 epiris
428 2726 566 2778 nunqnam
581 2707 660 2777 plane
700 2722 798 2780 getam:
812 2708 913 2761 facilins
926 2720 1014 2760 tamen
1027 2721 1054 2760 et
1066 2710 1211 2765 naturalius

145 2788 253 2858 eapitis,
266 2807 289 2841 s.
305 2787 517 2858 quiescentibus.
529 2788 658 2854 Referam,
702 2808 758 2843 erre
771 2787 893 2852 videtur,
906 2791 996 2839 semina
1006 2787 1063 2839 belli
1071 2807 1173 2842 creseere
1185 2798 1210 2844 ia

145 2862 291 2920 &nonem
304 2864 387 2927 dicit,
400 2867 429 2919 b.
446 2886 469 2919 e.
481 2864 608 2920 reflexum
618 2886 660 2921 re·
703 2882 821 2940 segetem,
843 2867 936 2920 venire
956 2865 991 2921 ad
1005 2856 1210 2937 ¹maturitatem

145 2944 331 3017 plicatumque
355 2949 504 3017 jacentem,
532 2959 562 2999 ut
586 2946 661 3001 humi
702 2950 786 3003 verbo
803 2948 897 3001 vellem
915 2948 943 2998 in
962 2946 1040 2999 bonis
1054 2947 1130 3001 libris
1143 2964 1210 3004 esset

141 3026 299 3089 sudantur,
315 3025 364 3096 qni
374 3027 573 3096 procumbunt,
588 3038 614 3079 et
622 3028 661 3097 ja·
704 3031 833 3082 crescentia
845 3029 942 3079 semina.

147 3119 227 3158 cent:
241 3102 316 3159 uude
326 3106 458 3159 exercitus
468 3122 575 3176 quoque
585 3103 661 3157 fundi
747 3112 793 3162 ao.
805 3106 879 3171 Quid
892 3105 914 3157 si
925 3109 1073 3156 cmcemiar

147 3180 662 3255 dicuntur,quumoedunturetcoguu·
748 3206 793 3257 ²7·
813 3186 886 3239 Nihil
902 3185 982 3237 etiarn
1002 3178 1159 3239 mentientes
1178 3187 1211 3241 de

147 3274 192 3318 tur
205 3264 311 3335 fugere.
705 3264 863 3339 Argonautis
877 3275 963 3335 poete
972 3261 1099 3334 lingendo
1111 3262 1212 3321 dabunt

186 3343 236 3397 ³3·
249 3344 440 3414 Anguemqai
453 3355 583 3415 perpetuo
596 3344 662 3415 rigi·
706 3348 742 3400 ita
767 3343 937 3417 magnificum
961 3354 988 3395 et
1009 3339 1211 3412 admirandum,

144 3423 202 3477 lens
226 3422 398 3477 custodiebat
423 3424 509 3475 vellus
536 3442 661 3486 aureum,
707 3424 780 3499 quod
793 3423 1027 3495 aqualeaitrerie,
1040 3430 1212 3494 queenmari

146 3509 249 3575 quique
259 3503 368 3557 artibus
377 3500 480 3557 Medeae
491 3522 507 3555 a
519 3502 614 3556 Iasone
624 3522 665 3555 so-
707 3506 742 3560 de
755 3504 840 3577 gloria
854 3502 1005 3556 Stilichonis
1018 3517 1139 3573 possunt.
1154 3507 1213 3560 Hoc

148 3584 221 3653 pitu
242 3596 293 3637 est.
312 3583 368 3636 Per
386 3581 470 3635 vellus
491 3601 599 3635 aureum
620 3582 667 3649 alii³
707 3598 738 3639 ut
751 3581 885 3648 ostendat,
896 3582 1120 3653 comparationem
1129 3584 1215 3655 ingre-

151 3662 293 3729 virumn,
313 3663 361 3715 elii
379 3658 545 3724 doctrinam,
562 3662 606 3714 alii
623 3659 664 3713 di·
708 3664 790 3719 ditur.

151 3740 231 3794 vitias
239 3742 384 3797 Thessalia
395 3742 423 3793 in
435 3740 592 3795 Colchidem
603 3759 665 3812 por·
758 3746 802 3797 28.
824 3742 964 3813 Harpyias,
988 3739 1057 3793 foeda
1078 3754 1215 3803 monstra,

152 3832 223 3873 tatae
234 3840 249 3874 a
261 3822 385 3893 Pbryxo,
397 3835 426 3875 et
438 3823 560 3874 elaeone
573 3838 665 3891 repor-
709 3823 795 3877 Celais
804 3834 830 3874 et
836 3822 1021 3884 Zetes,Boreae
1030 3818 1090 3879 filii,
1101 3820 1216 3878 aninei

152 3901 445 3963 tatas,intellcxerunt.
709 3920 813 3966 mensa,
827 3918 905 3971 quam
918 3912 945 3951 et
956 3898 1119 3969 spoliabant,
1130 3912 1157 3954 et
1167 3902 1215 3956 foc.

197 3986 244 4043 ²4·
262 3982 389 4051 ignivomi
403 3994 468 4035 sunt
482 3979 553 4033 tauri
567 3978 606 4031 illi
620 3998 666 4031 cu·
712 3982 826 4045 dabant,
845 3981 972 4048 abegere3
991 3974 1046 4030 vid.
1068 3979 1155 4034 valer.
1174 3984 1214 4036 Fi.

145 4058 258 4124 stodes,
282 4061 389 4133 ipsoque
417 4059 488 4115 adeo
510 4058 596 4111 halitu
620 4076 668 4111 suo
713 4062 813 4131 Argon.
827 4058 878 4122 lv,
895 4057 950 4121 428
964 4074 1021 4127 sqq.

144 4155 261 4211 poseant
283 4160 380 4197 noxam
398 4146 470 4213 jugo
497 4138 613 4203 inferre,
626 4150 671 4190 aut
756 4158 800 4207 ²9.
827 4137 937 4200 Titulus,
960 4137 1113 4209 inscriptio,
1132 4141 1221 4209 quales
