3034 4900
389 476 460 543 DE
487 476 543 544 vl
571 478 717 547 CONG.
744 480 991 552 HONORII.

171 611 348 679 Genuanae
371 618 506 675 servant
520 606 666 700 Hyades,
680 608 850 703 Cycnique
867 610 985 683 sodalis

170 716 314 784 Lacteus
333 725 484 781 extentas
501 714 646 807 aspergit
662 712 806 783 circulus
827 713 903 786 alas.

169 818 324 913 stelliger
344 817 510 888 Eridanus
530 819 666 888 sinuatis
684 818 822 899 flexibus
840 846 954 892 emens

170 924 271 995 Clara
283 925 366 995 Noti
384 948 534 993 convexa
551 928 653 1019 rigat,
674 924 849 1022 gladioque
866 929 1074 1001 tremendum

170 1032 314 1125 Gurgite
333 1030 462 1100 sidereo
479 1030 654 1099 subterluit
666 1032 802 1101 Oriona.

170 1138 246 1205 Hoc
264 1138 359 1205 Deus
378 1134 542 1231 effulgens
562 1136 678 1206 habitu
698 1153 888 1233 prospectat
905 1156 1020 1213 euntes

169 1242 310 1336 Dejecta
323 1242 453 1311 oerviee
467 1245 591 1329 Getas;
609 1257 689 1312 tunc
708 1243 786 1313 talia
803 1244 906 1313 fatur:

226 1376 245 1412 ι
262 1349 391 1418 Siccine
410 1350 545 1418 mumtis
566 1372 744 1443 properas,
758 1349 905 1439 Alarioe,
922 1356 1043 1425 reverti

170 1452 353 1525 Consiliis?
370 1451 459 1523 Italae
474 1457 528 1536 ,sio
546 1468 580 1524 te
598 1455 666 1549 jam
685 1456 824 1551 poenitet
839 1456 933 1526 orae?
1027 1528 1030 1535 ,

168 1560 240 1630 Nec
256 1561 329 1655 jam
348 1560 560 1654 cornipedem
580 1561 737 1630 ‘liberino
752 1564 901 1661 gramine
918 1568 1043 1658 pascis,

168 1668 216 1736 Ut
233 1666 369 1753 rebare,
381 1664 501 1735 tuum?
514 1668 630 1736 Tuscis
647 1691 709 1737 nec
724 1666 798 1763 figis
814 1682 961 1739 aratrum

167 1770 317 1843 Collibus
328 1764 379 1842 i'o
397 1774 524 1841 eunctis
541 1773 641 1842 Erebi
661 1772 851 1869 dignissime
865 1777 997 1870 poenis,

166 1880 261 1948 Tune
275 1880 450 1974 Giganteis
469 1879 585 1947 urbem
604 1893 733 1948 tentare
754 1882 904 1951 Deorum
1196 1911 1233 1951 ns

165 1986 349 2081 Aggressus
368 1982 485 2054 furib?
498 2009 561 2055 nec
581 1998 615 2054 te
636 2008 749 2073 meus,
762 1987 929 2085 improbe,
946 1986 1061 2077 saltem

164 2092 299 2161 Terruit
312 2090 464 2187 exemplo
478 2091 672 2179 Pbaetbon,
692 2092 749 2186 qui
769 2090 908 2161 fulmina
924 2117 1073 2189 praeceps

165 2318 197 2370 p.
214 2302 282 2363 446.
294 2298 364 2352 Stav.
379 2298 484 2364 Quibus
502 2299 583 2361 bane,
599 2317 676 2351 nem-
764 2298 1231 2377 176.Deboejamdiotumad172.

166 2396 204 2451 pe
218 2378 383 2433 Pbaetbonts
395 2396 451 2433 esse
464 2378 542 2431 illurn
559 2378 677 2450 aurigam
719 2377 868 2431 Eridanum
880 2379 955 2433 buno
966 2379 1094 2433 calestem
1102 2382 1164 2435 Noti
1173 2402 1232 2435 cors-

164 2477 248 2513 earra
272 2477 428 2524 mennas,
446 2458 491 2512 rel
512 2477 544 2512 ea
565 2457 676 2525 Hesiodi
718 2477 783 2510 oeta
796 2461 890 2528 rigare,
906 2477 999 2514 versus
1018 2460 1161 2516 meridiou·
1178 2483 1229 2536 po·

163 2538 235 2592 libro
252 2537 397 2612 deperdito
414 2537 490 2592 addit
507 2539 625 2601 Noster,
641 2552 676 2593 ‘nt
718 2537 775 2591 lum
792 2537 920 2608 tendere,
934 2551 965 2592 ut
976 2540 1098 2612 reliqua,
1111 2561 1169 2614 quae
1182 2543 1228 2599 bie

161 2617 229 2672 illud
248 2617 324 2691 qnod
342 2621 512 2672 obmatam
533 2617 675 2671 aGerrna·
718 2617 863 2690 ἀστρολογιῖ
874 2618 984 2684 Noster,
1003 2619 1064 2691 ipso
1086 2637 1229 2695 conspectu

161 2699 215 2752 nisi
233 2698 382 2752 Scholiaste
401 2697 484 2752 modo
503 2698 673 2764 monuimus,
717 2698 827 2767 spbar·
842 2697 942 2769 optime
957 2697 1132 2754 declarantur.

160 2779 203 2832 rel
221 2779 304 2832 etiam
317 2782 380 2849 jare
392 2789 479 2850 poeto
492 2795 556 2830 usus
568 2777 671 2830 oonlin·
758 2795 822 2846 179.
847 2777 949 2846 Dejsrta
971 2781 1059 2831 servies
1087 2779 1120 2833 ad
1149 2781 1227 2836 Getas

159 2857 207 2930 git
214 2857 359 2930 Quidquid
366 2860 424 2928 ejus
434 2857 483 2923 sit,
493 2855 588 2910 similia
597 2857 672 2910 Non·
713 2855 862 2926 pertinere,
870 2867 942 2910 metu
954 2859 1089 2928 perculsos
1098 2858 1227 2933 d'ejeotos.

159 2937 381 3002 nmmvll‘l,
393 2942 449 3000 4²⁴
460 2955 468 2990 :
478 2938 536 2998 Zaba
546 2932 577 2988 dl
587 2937 671 3007 πατὴρ
714 2953 783 3007 que,
797 2935 842 2988 vix
855 2937 962 2989 monitu
978 2956 1046 3009 opus
1058 2951 1106 2992 est.

160 3020 287 3071 buttem
302 3017 475 3087 κατιστόριξον
488 3007 600 3088 ὁλύμπῳ
619 3007 671 3069 bu·
757 3017 822 3070 182.
836 3016 938 3078 Pasti&
947 3018 1070 3087 jactantia
1083 3019 1223 3086 militaris,

162 3103 204 3148 λον
217 3098 307 3166 ἡνιόχῳ
318 3099 361 3150 καὶ
375 3097 511 3169 ledropos.
525 3092 670 3161 Quomodo
714 3112 765 3166 qna
779 3095 844 3150 olim
856 3095 1045 3167 gloriabantur.
1060 3115 1089 3150 se
1103 3100 1223 3153 nutritu-

160 3175 267 3249 Hysdes
280 3177 334 3228 sint
344 3195 466 3246 (emuna
477 3175 667 3236 Phaethontis,
711 3193 757 3227 ros
777 3191 832 3228 esse
850 3193 911 3228 snos
925 3192 1010 3246 equos
1030 3176 1058 3228 in
1072 3178 1156 3246 pratis
1171 3179 1222 3232 bo·

158 3275 218 3309 non
229 3267 298 3328 pato
312 3254 438 3310 traditum
457 3273 513 3309 esse
532 3254 667 3308 bistorios.
711 3254 815 3318 stiam,
837 3265 882 3307 aut
900 3255 1052 3308 inversuros
1065 3273 1120 3308 esse
1133 3269 1221 3312 aratro

158 3333 215 3388 sed
230 3333 339 3389 ridetur
353 3334 516 3389 Claudianus
531 3334 667 3407 physioln·
711 3351 806 3386 «arum
828 3351 944 3406 campos.
968 3334 1043 3399 Quin
1066 3345 1093 3387 et
1115 3336 1219 3408 signum

157 3417 215 3486 gine
225 3415 283 3469 boe
295 3413 436 3480 hdioare,
448 3411 556 3487 Hyadas
570 3433 591 3468 s.
607 3415 668 3466 Plu·
710 3425 767 3466 erat
790 3413 891 3466 ultime
912 3414 1084 3480 vastationis,
1102 3428 1219 3470 aratrum

160 3499 209 3547 sias
220 3487 319 3568 (qnod
331 3507 494 3567 perpetuum
507 3511 599 3547 aarum
611 3512 666 3546 non
710 3492 864 3564 imprimere
882 3493 912 3546 in
930 3493 995 3546 loeis
1008 3493 1054 3546 ubi
1070 3495 1149 3549 urbes
1163 3497 1219 3549 sitas

161 3585 217 3626 tam
229 3575 388 3646 epitheton,
402 3593 483 3646 qnam
498 3591 667 3646 synonymon
711 3584 815 3626 essent:
831 3593 842 3616 ι
855 3591 926 3644 seges
937 3585 976 3626 est
984 3573 1032 3627 ubi
1044 3574 1126 3645 'froja
1136 3577 1213 3628 fuit.-

161 3664 215 3718 est,
225 3652 320 3726 dequo
330 3655 427 3708 Heius.
442 3651 477 3708 sd
490 3650 598 3706 lblneid.
611 3653 668 3717 111,
712 3650 792 3705 Ovid.
801 3651 853 3724 Ep.
864 3653 892 3717 I,
907 3651 953 3706 63.

164 3723 473 3799 bibleuseflliassolis,
486 3731 668 3804 quleastollit
710 3753 713 3761 ·
762 3731 824 3786 18⁵.
848 3731 935 3784 Urbem
955 3733 1081 3796 Deos-rom
1101 3731 1217 3800 audesne

160 3827 194 3863 ac
210 3812 317 3882 sucipit
335 3831 371 3867 ex
385 3814 455 3867 mari
472 3813 529 3866 scil.
545 3811 666 3884 Tethye,
710 3812 823 3878 urbem,
844 3823 885 3864 tot
906 3813 1026 3883 Deorupn
1048 3809 1154 3874 sedem
1175 3832 1219 3884 sg-

158 3887 284 3962 adeoqae
297 3892 469 3948 Phaethontis
480 3910 592 3946 sorores.
709 3887 801 3961 gredi,
815 3889 897 3942 instar
910 3889 1054 3958 Gigantum
1064 3889 1110 3958 qui
1124 3891 1217 3946 celum

191 3971 667 4044 176.LecteusciraslusCymisodalis
710 3967 911 4040 aggressisunt?

153 4062 206 4115 est,
224 4049 330 4105 utllor.
343 4053 385 4108 od.
400 4055 457 4120 25,
473 4051 616 4121 19,bieru'r
626 4071 665 4104 so·
752 4047 967 4118 187.l'lraetlton;
978 4059 1040 4101 nota
1046 4049 1088 4102 rel
1100 4053 1219 4121 puerulis

149 4131 216 4184 dalis
229 4132 324 4188 Em,
711 4127 817 4193 labula,
830 4144 891 4180 enm
909 4145 924 4181 a
944 4126 1007 4180 Sole
1027 4145 1109 4200 equos
1128 4149 1219 4199 regen-

229 4245 278 4311 ΙΙ.
952 4235 1037 4355 18
