3034 4900
304 445 378 518 238
533 451 608 518 cn.
637 451 937 521 uolumini
964 423 1125 520 xxxv]

303 583 441 648 Horruit
459 581 586 648 Orion:
608 580 721 649 audito
739 579 855 675 palluit
873 580 964 650 Atlas

304 688 460 775 llinnitu;
480 685 596 754 rutilos
613 688 771 757 obscurat
788 686 951 757 anhelitus
971 712 1047 756 axes

303 792 474 875 Discolor;
494 807 528 860 et
547 792 646 888 longa
663 792 779 862 solitos
801 792 939 888 caligine
957 797 1047 888 pasci

303 901 437 968 Terruit
456 899 547 968 orbis
566 925 668 994 equos
690 928 696 968 :
719 903 838 994 pressis
856 901 979 969 haesere
1001 899 1119 994 lupatis

301 1007 443 1075 Attoniti
465 1003 601 1075 meliore
619 1007 717 1102 polo;
736 1031 914 1100 rursusque
934 1006 1114 1075 verendum

302 1115 344 1180 In
364 1112 477 1182 Chaos
496 1111 631 1206 obliquo
650 1128 800 1208 pugnant
821 1129 953 1182 temone
971 1115 1101 1182 reverti.

357 1220 439 1286 Mox
459 1219 516 1287 ubi
535 1218 665 1312 pulsato
685 1233 858 1288 senserunt
877 1219 1016 1290 verbera
1035 1235 1149 1314 tergo,

302 1327 347 1393 Et
366 1323 469 1394 solem
490 1324 634 1394 didicere
650 1327 737 1420 pati,
756 1327 934 1398 torrentius
954 1347 1051 1394 amne

304 1431 473 1516 Hiberno,
494 1445 647 1526 tortaque
666 1447 769 1501 ruunt
789 1435 954 1526 pernicius
971 1433 1083 1520 hasta;

302 1537 476 1625 Quantum
498 1562 565 1604 non
584 1535 731 1630 jaculum
749 1539 882 1626 Parthi,
904 1564 972 1608 non
994 1541 1136 1633 impetus
1158 1542 1288 1629 Austri,
1332 1584 1370 1610 ,ω

302 1646 380 1712 Non
399 1642 471 1711 leve
493 1642 639 1713 sollicitae
657 1647 776 1714 m'entis
796 1645 954 1715 discurrit
967 1669 1117 1714 acumen.

300 1750 468 1842 Sanguine
486 1749 580 1818 frena
598 1750 724 1838 calent3
743 1754 928 1844 corrumpit
945 1754 1080 1845 spiritus
1099 1777 1196 1822 auras

302 1853 446 1940 Letifer3
462 1855 592 1926 infectae
612 1859 735 1950 spumis
754 1858 912 1925 vitiantur
928 1881 1045 1926 arenae.

354 1961 547 2057 Diffugiunt
565 1961 747 2058 Nymplrae3
768 1965 895 2057 rapitur
910 1966 1107 2060 Proserpina
1125 1989 1245 2050 curru,

301 2067 529 2163 Imploratque
550 2071 638 2138 Deas
654 2070 746 2162 :jam
768 2071 947 2164 Gorgonos
967 2096 1027 2139 ora
1046 2071 1171 2141 revelat

301 2172 427 2258 Pallas,
446 2190 479 2244 et
500 2175 627 2244 intento
648 2175 780 2244 festinat
796 2174 892 2245 Delia
908 2203 1032 2264 cornu,

301 2283 374 2352 Nec
392 2297 512 2376 patruo
532 2281 655 2350 cedunt
674 2309 681 2349 ε
704 2281 852 2351 stimulat
870 2285 1055 2353 communis
1072 2287 1107 2352 in
1127 2310 1220 2354 arma

302 2389 501 2481 Virginitas,
520 2390 711 2484 crimenque
733 2389 794 2459 feri
812 2393 954 2485 raptoris
972 2391 1115 2460 acerbat.

301 2621 369 2662 mats
381 2605 489 2670 solaria,
498 2624 557 2677 quae
570 2607 639 2659 forte
649 2607 735 2659 Orion
747 2624 813 2659 con·
859 2619 963 2658 rentem
976 2625 991 2659 e
1002 2619 1157 2677 tempestate
1168 2618 1257 2659 ortum
1269 2624 1284 2659 a
1296 2607 1373 2663 Grae·

302 2688 389 2743 tinet?
413 2688 495 2740 Poeta
517 2705 582 2740 vero
603 2685 814 2759 magnitudinem
858 2686 895 2737 cia
910 2682 1029 2738 didicere
1042 2686 1140 2739 Latini.
1155 2688 1283 2757 xarpr‘prcs
1299 2684 1370 2760 ὕδωρ

302 2770 421 2839 agnoscit
437 2768 521 2821 solam
539 2768 683 2821 relationis.
700 2768 734 2820 Et
748 2764 814 2838 quid
858 2776 898 2816 est
905 2766 982 2833 ltu,
994 2771 1060 2827 420.
1070 2766 1186 2817 Hibernis
1194 2770 1314 2837 agitatam
1316 2770 1373 2835 flu.

301 2866 370 2920 opus
389 2860 429 2901 est
448 2846 592 2901 subtilitate
611 2844 815 2917 disputationis?
858 2843 933 2895 stibus
950 2864 1033 2916 oequor
1049 2842 1128 2898 Ovid.
1143 2846 1189 2898 Tr.
1208 2848 1236 2911 1,
1257 2864 1300 2912 11,
1319 2848 1368 2900 33.

302 2928 374 2981 Atlas
389 2939 475 2981 totum
494 2927 694 2998 caelum,*eujns
709 2924 815 2979 modica
900 2942 965 2977 ποι.
974 2927 1015 2976 An
1029 2944 1086 2977 non
1100 2925 1183 2979 nimia
1198 2927 1232 2979 sit
1245 2926 1302 2979 haec
1317 2926 1370 2997 hy·

301 3019 363 3079 pars
382 3019 422 3061 est
440 3006 541 3074 Orion,
556 3008 675 3061 humeris
690 3007 812 3061 sustinet.
858 3005 967 3075 perbole
979 3023 1035 3057 non
1048 3004 1175 3077 disputo:
1191 3005 1237 3059 sed
1250 3008 1303 3058 hoc
1312 3025 1370 3059 me-

345 3106 406 3158 19²·
424 3090 494 3141 Aeas
513 3099 607 3141 nostro
627 3106 682 3141 esse
700 3086 814 3157 singulos
858 3083 967 3136 minisse
982 3085 1063 3137 velim
1076 3086 1189 3139 Poeaeoa
1203 3083 1368 3148 candidatos,

301 3186 411 3239 quoque
448 3166 554 3231 stelles,
590 3166 742 3221 monuimus
781 3164 815 3218 ad
858 3163 888 3215 io
902 3168 1017 3216 numinis
1027 3166 1206 3237 appellatione
1219 3168 1304 3219 inesse
1319 3185 1371 3218 no·

302 3248 432 3310 xxxlv,
462 3246 508 3301 35.
534 3248 629 3318 Vapor
652 3266 667 3299 a
694 3247 815 3299 Plutonis
858 3243 958 3296 tionem
976 3246 1134 3305 celeritatis,
1154 3258 1248 3299 acutus
1265 3244 1370 3317 gladius

301 3328 377 3396 equis
400 3326 521 3380 anhelitu
545 3326 689 3391 excitatus,
714 3328 815 3380 nubem
858 3324 970 3377 celerius
990 3338 1125 3396 penetrat,
1148 3339 1240 3379 acutus
1259 3327 1371 3378 morbus

302 3403 408 3458 inducit
423 3420 516 3473 terro,
531 3404 606 3459 unde
621 3406 702 3459 stella
718 3407 815 3459 obscu-
859 3404 970 3457 celerius
987 3405 1112 3471 conficit,
1129 3418 1203 3458 acuto
1219 3422 1294 3457 mens
1306 3424 1371 3475 per·

302 3497 403 3538 rantur.
859 3484 939 3555 spicit
955 3486 1089 3551 velocius,
1107 3498 1158 3538 ete.
1177 3486 1284 3551 Festos,
1301 3487 1370 3537 Aca·

346 3564 410 3635 193.
429 3564 542 3633 Caligine
553 3570 639 3635 μισεῖς
657 3567 732 3637 equis
750 3567 815 3619 Plu·
857 3564 1089 3634 perlimitabatur,
1102 3568 1266 3617 cuisnmmum
1278 3568 1371 3616 eratin

304 3646 373 3699 tonis
387 3658 443 3699 atra
456 3645 555 3698 nebula
567 3646 695 3716 pabulum
711 3658 759 3700 est.
860 3645 976 3697 currendo
986 3665 1084 3697 acumen
1091 3644 1371 3715 pedm-Discum

348 3732 411 3795 194.
433 3724 525 3787 mbo,-
543 3726 645 3779 scilicet
664 3744 678 3777 a
698 3724 815 3779 rotunda
860 3725 936 3777 malit
947 3726 1040 3778 Heius.

302 3806 398 3875 specie.
904 3823 967 3857 aoa.
984 3805 1059 3857 Solet
1077 3805 1174 3857 Noster
1190 3803 1241 3856 hac
1254 3804 1370 3874 imagine

354 3887 418 3952 ¹9⁵·
443 3885 608 3937 Verecundiam
629 3884 663 3959 ad
686 3898 816 3944 terrorem
860 3884 1104 3937 cruentatiafreno
1113 3884 1168 3936 oris
1176 3882 1277 3936 acrium
1285 3902 1369 3954 equo-

303 3963 382 4014 etiarn
398 3965 506 4031 referri,
520 3964 598 4018 docet
611 3964 749 4032 XXXIII,
765 3967 813 4018 8ο.
859 3982 921 4016 rum
929 3965 978 4016 uti.
989 3962 1055 4017 Vid.
1065 3962 1100 4017 ad
1110 3966 1140 4029 1,
1151 3965 1182 4027 ὅς
1192 3964 1289 4028 xxti,
1301 3962 1367 4016 350.

304 4042 344 4094 De
359 4040 428 4093 Clrao
441 4062 491 4112 pro
507 4045 599 4098 inferis
614 4045 649 4109 V,
667 4044 733 4097 525.
901 4044 1366 4115 aod.liapitur.Proserpinoeraptum

348 4120 410 4187 198.
424 4122 557 4176 Hiber-num
569 4138 670 4187 amm,
683 4124 711 4176 h.
725 4142 748 4176 e.
762 4135 815 4175 ton
859 4124 936 4176 multi
946 4125 1069 4193 pinxere3
1081 4125 1151 4177 inter
1161 4142 1228 4193 qnos
1236 4135 1368 4175 memorat
