3034 4900
294 485 312 526 2
527 455 601 522 CL.
631 398 934 521 CLAUDlllllll
962 455 1105 521 xxllt.

342 590 477 678 Semper
498 598 568 651 erat
587 598 699 651 vatum
721 586 863 650 maxima
884 607 964 652 cura
981 584 1067 652 duci.

291 691 422 763 Gaudet
441 691 528 758 enirn
546 692 649 758 virtus
667 703 765 766 testes
782 689 845 768 sibi
855 689 993 782 jungere
1010 693 1133 758 Musas:
1335 716 1345 750 s

345 802 487 866 Carmen
507 810 611 882 amat,
628 797 773 889 quisquis
791 797 936 864 carmine
952 795 1049 888 digna
1068 797 1160 888 gerit.

291 909 400 998 Ergo,
422 927 478 971 seu
500 903 611 998 patriis
629 903 804 994 primatus
821 901 971 969 manibus
992 900 1099 986 ultor,

342 1008 503 1079 Subderet
521 1009 700 1100 Hispanum
719 1006 845 1102 legibus
863 1009 1052 1090 Oceanum3

290 1119 353 1184 Seu
373 1116 488 1208 Tyrias
506 1123 595 1189 certa
616 1111 785 1194 tracturus
802 1112 936 1209 cuspide
955 1114 1060 1196 vires,

343 1221 485 1288 lnferret
506 1219 631 1311 Libyco
653 1221 745 1313 signa
767 1218 937 1287 tremenda
958 1219 1057 1301 mari3

292 1325 444 1395 Haerebat
463 1324 580 1393 doctus
601 1323 716 1409 lateri,
730 1326 911 1418 castrisque
929 1322 1055 1400 solebat

344 1431 507 1500 Omnibus
525 1433 558 1498 iu
580 1430 702 1498 medias
719 1431 846 1498 Ennius
865 1431 910 1498 ire
929 1430 1033 1498 tubas.

290 1537 342 1606 Illi
361 1551 436 1631 post
453 1534 551 1604 lituos
572 1535 696 1629 pedites
715 1535 826 1603 favere
842 1539 989 1620 canenti,

343 1643 570 1736 Laudavitqne
592 1665 677 1708 nova
701 1641 789 1708 caede
807 1656 963 1710 eruentus
984 1665 1091 1733 eques

272 1753 471 1856 'Quumque
490 1747 710 1842 triumpharet
726 1748 856 1838 persua
874 1745 1073 1842 Carthagine
1094 1747 1179 1814 victa
1327 1770 1350 1807 ιε

344 1847 463 1944 (Hane
479 1843 608 1920 vindere
616 1855 716 1947 patris
736 1853 879 1930 vicerat,
897 1852 983 1918 hano
1003 1852 1116 1945 patriae
1134 1844 1164 1936 l,

292 1963 405 2049 Quum
420 1958 509 2052 longi
528 1959 667 2052 Libyam
688 1958 820 2026 tandem
839 1971 913 2051 post
932 1956 1046 2024 funera
1065 1953 1139 2023 belli

346 2063 431 2133 Ante
452 2089 526 2133 suas
548 2079 697 2160 moestam
720 2076 854 2157 cogeret
873 2064 919 2137 ire
940 2077 1044 2146 rotas,

294 2172 434 2241 Advenit
450 2171 587 2239 reduces
604 2195 715 2238 secum
730 2171 879 2238 Victoria
894 2171 1025 2252 Musas,

349 2281 392 2346 Et
411 2292 533 2344 sertum
557 2278 624 2344 rati
645 2276 767 2343 Martia
785 2273 896 2342 lamus
914 2288 994 2341 erat.

296 2387 417 2455 Noster
437 2380 602 2475 Scipiades
622 2379 776 2463 Stilicho,
795 2405 862 2474 quo
881 2379 1025 2474 concidit
1045 2377 1127 2446 alter

300 2615 356 2663 tur,
368 2594 806 2667 aPieria,regioquacedouiae
854 2596 1028 2667 Tyriicqloui,
1043 2595 1138 2667 virgil
1153 2598 1257 2652 AEueid.
1268 2600 1298 2660 1,
1310 2620 1354 2654 12.

302 2674 494 2732 veladevictis
510 2674 729 2765 Pierifiliabus,
716 2675 812 2745 risque
894 2693 935 2726 ra.
951 2676 981 2727 Iu
999 2677 1115 2730 medias·
1105 2696 1140 2727 tre
1158 2678 1236 2759 tubas.
1253 2680 1356 2752 Nempe

303 2762 329 2812 in
342 2759 411 2828 picas
424 2755 565 2807 conversis.
736 2800 739 2809 ‚
851 2754 952 2805 Ennius
966 2753 1016 2814 luit
1030 2756 1164 2815 centurio,
1177 2772 1355 2812 etarmacum

344 2822 808 2905 ducerumffiprunrfilrssessnirium
851 2830 929 2885 laude
944 2834 1013 2886 tulit.
1029 2836 1126 2888 -Ad
1136 2838 1196 2890 med.
1212 2839 1273 2909 Cuj.

306 2917 400 2970 Cicero
419 2912 512 2979 docet,
528 2914 672 2975 tumalias,
686 2923 742 2965 turn
757 2930 809 2982 pro
896 2912 940 2965 13
950 2914 1086 2966 Postlt'tuos
1094 2930 1173 2987 post
1181 2918 1270 2988 praelia
1280 2918 1357 2971 lttuo-

256 3010 261 3015 ·
308 2996 406 3049 Archia
424 3012 446 3046 c.
467 3012 493 3062 9.
509 2994 549 3044 De
567 2992 735 3057 Terentio,'
728 2993 810 3062 ipsius
852 3011 912 3045 rum
927 3006 1006 3045 cantu
1018 2994 1137 3059 incensa,
1151 2999 1255 3049 canenti
1267 3016 1357 3051 versus

309 3089 386 3146 atque
395 3073 467 3125 Laelii
483 3072 620 3133 familiari,
633 3083 748 3137 constat3
763 3070 810 3142 qui
854 3090 914 3124 suos
936 3073 1024 3124 Ennio
1047 3074 1167 3127 favebant
1185 3077 1281 3130 milites
1303 3079 1357 3129 uo-

309 3156 341 3209 ad
355 3155 403 3205 lios
417 3170 524 3223 magnos
540 3152 636 3203 amicos
653 3170 713 3203 suos
727 3151 811 3222 respi-
853 3151 942 3217 inani,
956 3150 1057 3221 pedites
1072 3165 1100 3204 et
1114 3156 1223 3225 equites.

309 3254 368 3289 cere
383 3230 501 3285 creditur
511 3232 541 3283 in
549 3230 663 3301 Proloqo
676 3228 812 3301 adelpho
898 3230 943 3283 15.
956 3232 1253 3303 Cartheginernnorm
1265 3234 1358 3287 infli-
1391 3219 1395 3227 ⁴

311 3332 383 3377 rum,
403 3312 435 3363 15
450 3324 476 3363 et
488 3330 559 3381 seqq.
855 3310 958 3381 spania,
971 3312 1102 3375 coloniam
1114 3313 1302 3385 Punicae,qurn
1311 3315 1359 3365 ho·

258 3440 260 3445 .
352 3411 377 3461 7.
392 3391 469 3441 Pater
486 3388 617 3460 Scipionis
633 3389 712 3460 hujus
725 3402 752 3441 et
766 3408 813 3459 pn·
856 3388 900 3440 die
915 3388 943 3440 id
951 3409 1048 3442 nomeu
1062 3393 1175 3459 retinet,
1190 3392 1359 3461 ricit,c1edis

312 3488 387 3526 truus
401 3470 428 3521 in
444 3469 570 3538 Hispania
585 3466 747 3521 ceciderant:
764 3468 814 3521 hae
855 3468 937 3539 patris
952 3470 990 3521 sui
1004 3470 1156 3523 ulciscendae
1166 3474 1261 3543 gratia:
1276 3473 1360 3543 ipsam

312 3572 341 3606 re
361 3548 428 3602 nihil
447 3547 607 3612 deterritus,
625 3544 671 3599 sed
690 3548 815 3601 incitatus
857 3550 1362 3622 antemantiquamCarthaginermAfri·

310 3628 483 3704 potiuslilins,
490 3627 813 3698 anteretuternlegitimann,
857 3646 894 3680 on
912 3640 1005 3699 caput,
1025 3642 1151 3701 tanquam
1169 3632 1241 3684 ultor
1258 3632 1360 3701 patriar.

308 3708 451 3782 imperium
462 3707 512 3761 sibi
526 3705 594 3759 illud
605 3705 758 3759 demandari
770 3726 816 3759 vo·
857 3738 897 3749 -
907 3710 994 3761 Victor
1004 3709 1080 3762 MSS.

309 3792 374 3852 luit,
398 3798 477 3859 atque
498 3786 656 3857 impetrarit.
670 3786 733 3839 vid.
755 3788 814 3839 Lir.
900 3807 940 3841 ao.
955 3788 1049 3841 Martia
1062 3790 1158 3851 huna,
1179 3806 1233 3859 qus
1253 3790 1363 3841 uteban-

309 3869 418 3931 XXVI,
436 3884 479 3935 19.
498 3866 541 3919 Sic
553 3870 679 3937 priaroevus
693 3868 758 3918 ultor
775 3868 813 3919 fa·
857 3878 901 3918 tur
915 3870 1027 3921 Romani
1039 3882 1070 3923 ut
1079 3868 1174 3939 insigni
1188 3868 1320 3932 victorie,
1334 3870 1361 3921 iu

310 3962 377 4010 ctus,
390 3945 417 3999 h.
428 3962 450 3997 e.
461 3946 548 4015 primo
558 3966 623 4011 aero,
636 3947 751 4017 juvenis,
759 3965 814 4017 qno
856 3943 941 4000 literis
953 3950 1090 4011 leur-eatis,
1102 3950 1130 4000 in
1144 3948 1283 4002 lictoribus
1292 3962 1318 4000 et
1326 3948 1363 3999 fa·

306 4027 414 4081 minine
428 4034 540 4077 utuntur
550 4028 628 4079 etium
639 4026 743 4097 optimi.
857 4026 958 4092 acibus,
974 4030 1002 4081 in
1014 4030 1073 4098 ipso
1084 4028 1232 4098 triumpho.

344 4125 369 4175 9.
384 4106 471 4174 Tynna
483 4106 809 4175 consummatarum
895 4126 938 4157 ar.
962 4110 1012 4175 Qui
1035 4109 1094 4159 MS.
1119 4108 1167 4161 cm·
1185 4108 1254 4176 conj.
1272 4105 1359 4157 Heius.
