3034 4900
314 441 389 512 DE
416 440 572 512 CONS·
600 443 832 513 STILICH.
861 447 955 514 le.
982 449 1058 516 111.
1126 525 1137 542 ‚
1169 447 1216 520 33

141 575 204 644 Per
224 586 361 644 terram
378 598 456 670 pars
475 573 577 642 ducta
596 573 695 658 rotis,
717 572 884 669 longoque
902 592 1075 647 morantur

142 679 272 751 Ordine
291 679 446 776 plaustra
464 680 558 766 vias,
574 681 721 748 montani
739 678 837 776 piena
856 683 1032 778 triumphi:

143 789 186 856 Et
203 786 277 856 fera
299 785 455 857 sollicitis
475 786 608 855 vehitur
628 788 758 881 captiva
778 787 948 880 juvencis,
1023 867 1026 872 ¹
1178 817 1216 857 πο

143 891 311 988 Explebat
336 892 460 987 quibus
477 906 554 962 ante
575 891 697 960 famem
715 919 723 959 :
744 893 936 988 quotiesque
954 895 1067 966 reflexi

144 999 365 1093 Conspexere
385 998 506 1086 boves,
520 997 631 1092 pavidi
653 1013 785 1067 temone
803 999 971 1069 recedunt.

193 1107 345 1199 Jamque
366 1105 545 1199 perematis
565 1104 678 1198 Libya
699 1105 914 1200 flagrantibus
932 1109 1019 1194 oris,

145 1211 290 1304 legerat
308 1211 451 1280 eximios
465 1209 582 1279 Phoebi
600 1234 757 1304 germana
775 1210 903 1296 leones,
991 1259 994 1263 -

144 1316 352 1410 Hesperidas
371 1317 429 1410 qui
448 1337 534 1410 saepe
554 1315 688 1410 fugant,
700 1331 865 1411 ventoque
882 1321 989 1388 citatis
1179 1351 1216 1392 sss

142 1421 349 1492 'ferrificant
367 1421 502 1491 Atlanta
517 1421 622 1514 jubis,
642 1437 857 1517 armentaque
875 1422 972 1519 longe

143 1529 290 1598 vastant
309 1528 520 1624 AEthiopum,
536 1553 743 1623 quorumque
764 1531 899 1624 impune
917 1529 1048 1624 fragosa

144 1633 325 1704 Murmura
347 1648 520 1730 pastorum
538 1657 707 1729 nunquam
726 1626 848 1703 itenere
863 1661 923 1731 per
935 1660 1041 1708 aures.

144 1739 224 1809 Non
241 1739 318 1810 iilos
339 1739 433 1810 taedae
454 1740 623 1827 ardentes,
637 1766 705 1809 non
727 1754 830 1809 strata
847 1767 987 1836 superne

146 1846 301 1941 lapsuro
316 1845 464 1940 virgulta
483 1845 571 1934 solo,
592 1871 659 1915 non
676 1846 814 1916 vocibus
830 1847 916 1918 haedi
1174 1885 1213 1930 ³40

146 1951 325 2022 Pendentis
342 1951 513 2024 stimulata
530 1951 652 2040 fames,
668 1977 736 2021 non
754 1951 843 2021 fossa
859 1951 983 2023 fefellit.

149 2055 248 2127 Ultro
270 2083 304 2129 se
326 2057 464 2128 voluere
482 2059 576 2152 capi,
594 2057 803 2152 gaudentque
823 2058 927 2126 videri
1028 2069 1036 2078 “

148 2161 266 2233 Tantae
284 2163 395 2259 praeda
408 2167 500 2234 Deae.
520 2165 696 2259 Respuent
715 2187 838 2258 pascua
858 2162 1014 2232 tandem:

152 2413 235 2450 onere
247 2411 271 2453 et
284 2398 360 2451 omni
371 2398 432 2466 illo,
448 2395 524 2470 quod
537 2397 658 2464 vehitur,
754 2395 820 2468 337.
845 2396 944 2468 tmpore
964 2409 991 2450 et
1011 2415 1130 2469 nunquam
1148 2403 1213 2472 jun.

151 2492 212 2547 qua
225 2478 358 2532 ordinarie
370 2498 436 2531 mers
451 2491 499 2531 est.
701 2474 795 2546 ganda.
811 2476 956 2549 Nunquam
971 2475 1083 2530 audiunt
1094 2493 1213 2551 pastores

190 2558 253 2628 3¹9.
264 2559 407 2613 Montuois·
419 2592 427 2606 ·
441 2558 578 2629 -rre'umpfris
588 2557 658 2629 vulg.
701 2556 803 2625 rugitus
817 2569 844 2609 et
856 2576 992 2610 murmura
1007 2557 1132 2627 leonum,
1144 2564 1211 2633 quin

151 2634 202 2689 Sed
211 2642 319 2690 nontam
327 2640 383 2709 jam
393 2637 453 2689 vic.
464 2638 543 2690 Vieu.
701 2636 782 2707 paulo
799 2648 861 2707 post
879 2634 977 2689 mna
997 2636 1027 2687 in
1047 2656 1125 2709 grege
1143 2642 1212 2697 facta

179 2716 410 2781 ttouumcias.
419 2716 565 2787 generatim
572 2716 660 2768 bubus
702 2716 852 2769 observent.
869 2742 909 2756 --
929 2717 1040 2785 Fmgosa
1065 2738 1185 2773 murmura
1200 2742 1211 2775 .·

148 2794 242 2865 junctis
249 2809 375 2850 constare
384 2814 489 2850 emaum
499 2795 658 2849 clabularem
700 2794 818 2864 rugitus,
833 2794 879 2865 qui
896 2814 1018 2848 murmur
1035 2809 1062 2848 et
1080 2798 1210 2870 fragorem

150 2868 211 2943 (boe
218 2878 361 2949 proprium
374 2876 445 2928 illius
455 2894 554 2928 nomen
565 2864 659 2942 est)‚et
700 2871 785 2926 edunt
795 2874 908 2927 similem
919 2875 1017 2945 frngori
1028 2875 1153 2932 arborum
1166 2900 1210 2934 ca.

149 2952 659 3025 vehiculationemillam‚angariasque,
702 2950 833 3007 dentium.

150 3036 244 3107 quum
253 3036 282 3088 in
294 3036 348 3088 boc
358 3053 455 3106 genere
465 3045 615 3097 uterentur,
627 3050 658 3085 er
742 3032 808 3101 339.
823 3034 915 3104 [pem
925 3032 987 3086 alias
998 3046 1135 3101 metuunt;
1151 3037 1206 3091 rid.

148 3126 263 3187 utroque
276 3112 580 3178 oodioe,'l'beodosiano
592 3132 658 3183 pras·
701 3111 861 3177 plmvm,
878 3116 928 3177 16,
938 3132 960 3165 s.
974 3130 1015 3180 19.
1026 3114 1209 3184 -lapsurum

147 3194 423 3259 animaruum,
432 3192 458 3258 5,
470 3190 504 3246 de
513 3194 600 3247 Cursu
607 3211 658 3263 pu·
700 3191 776 3243 solum
793 3192 829 3243 ita
844 3190 1065 3262 intelligendum:
1080 3190 1208 3264 deprimi.

147 3274 233 3342 blico,
247 3274 433 3328 satisoonstat.
702 3282 755 3335 tur,
766 3270 794 3323 b.
806 3290 830 3324 e.
842 3268 972 3325 effoditur
984 3271 1060 3323 fovea
1071 3273 1131 3327 satis
1143 3295 1207 3347 pro.

185 3354 254 3409 ³³1.
273 3354 390 3425 Quibus:
404 3370 460 3405 non
474 3352 536 3404 fero
548 3348 658 3403 devora·
700 3349 798 3416 funde,
813 3367 897 3421 eaque
909 3350 1045 3421 obtegitur
1056 3358 1208 3411 stramentis

145 3434 208 3490 bant
217 3436 270 3489 hos
283 3434 392 3487 boves·
405 3432 505 3504 quibus
518 3428 657 3483 trabeban·
699 3441 726 3483 et
741 3428 882 3483 viridibus.
902 3430 976 3482 Esco
992 3431 1052 3483 loeo
1070 3431 1099 3486 in
1117 3435 1207 3489 medio

147 3526 200 3577 tur,
214 3512 262 3569 sed
275 3530 373 3567 eorum
388 3512 486 3565 similes
501 3521 562 3563 ante
576 3508 656 3563 devo·
701 3508 875 3579 suspenditur
881 3507 990 3574 boedus,
1001 3512 1147 3583 porcellus,
1165 3518 1208 3569 rel

148 3608 276 3647 reserant.
699 3588 843 3642 clamosum
862 3588 936 3641 aliud
950 3590 1047 3643 animal
1059 3604 1110 3645 ete.

189 3673 253 3727 335.
267 3672 416 3745 Hesperidas
426 3668 568 3743 Nymphas
580 3668 656 3723 silva·
740 3668 807 3732 341.
820 3668 967 3722 Prudentis:
977 3668 1047 3723 hedi
1058 3668 1209 3741 adloqueoe

148 3769 211 3803 rum
228 3752 392 3806 Maurimnire
409 3749 524 3813 nicolas,
544 3766 656 3819 quarum
700 3749 828 3801 immanes
841 3750 977 3819 suspensi,
990 3761 1018 3800 et
1030 3749 1085 3801 suis
1099 3753 1209 3810 vocibus

149 3831 431 3885 numunianum.
698 3828 809 3881 loouum
819 3828 917 3881 famem
926 3827 1098 3881 sollicitantis.

192 3908 258 3963 33⁶.
271 3912 328 3965 Mox
347 3920 523 3967 recensentur
542 3926 556 3959 a
575 3908 656 3962 Poeta
740 3908 806 3970 aas.
824 3907 895 3958 Ultro
909 3910 973 3975 capi.
987 3905 1031 3957 Sic
1045 3906 1142 3963 turen,
1157 3914 1208 3971 lv,

142 4007 244 4061 genera
249 3990 432 4062 capiendarum
438 3990 559 4042 ferarum
566 4026 573 4051 ‚
580 3988 656 4059 ignis,
703 3990 755 4055 69,
765 3984 799 4037 de
809 3984 924 4038 rhombo
935 4003 943 4037 :
953 3986 1021 4055 «Ipse
1029 3991 1085 4059 capi
1094 3992 1183 4056 rehu,
1193 4022 1204 4041 .

142 4070 242 4137 fovee,
255 4072 345 4139 fosse,
356 4070 481 4144 pendeus
496 4064 592 4137 preda.
744 4064 810 4128 343.
827 4064 1055 4146 diespirsntprscrm
1068 4092 1078 4122 .·
1092 4089 1148 4123 non
1162 4092 1209 4145 pa.

196 4182 243 4249 II.
1032 4174 1052 4243 3
