3034 4900
289 417 365 506 304
507 421 582 490 CL.
612 419 920 490 CLAUDIANI
947 423 1134 491 XXXIX.

287 551 429 646 Jamjam
448 550 617 648 suppliciis
637 549 755 639 fessos,
772 549 998 648 humilesque,
1014 578 1150 624 serenus

288 659 451 753 Respice:
470 658 550 753 quid
571 672 663 726 tanta
684 656 828 754 dignaris
846 657 933 728 mole
949 657 1124 730 clientem?

285 767 327 834 In
348 762 504 836 brevibus
524 788 706 859 numquam
725 788 796 834 sese
817 764 938 859 probat
958 764 1071 837 AEolus
1092 768 1222 855 antris;
1331 801 1358 840 ss

287 872 360 941 Nec
379 872 468 966 capit
483 885 643 967 angustus
662 873 777 940 Boreae
799 865 979 940 certamina
996 871 1108 942 collis:

169 999 173 1019 ’
288 977 389 1072 Alpes
410 975 465 1046 ille
481 979 605 1073 quatit,
622 976 820 1072 Rhodopeia
843 975 988 1047 culmina
1009 978 1118 1049 lassat.

287 1084 446 1154 Incubuit
466 1107 647 1180 numquam
669 1080 805 1156 caelestis
823 1083 957 1154 flamma
976 1083 1115 1174 salictis,

286 1193 357 1260 Nec
375 1191 471 1285 parvi
488 1190 624 1260 frutices
642 1190 726 1259 iram
745 1213 895 1261 meruere
906 1193 1089 1262 Tonantis:

288 1299 445 1393 Ingentes
463 1320 625 1391 quercus,
645 1321 787 1366 annosas
808 1295 961 1366 fulminat
981 1322 1090 1368 ornos.
1330 1335 1356 1378 a.

341 1405 415 1472 Hoc
437 1427 500 1497 pro
521 1401 725 1497 supplicibus
743 1403 864 1488 ramis,
887 1429 949 1498 pro
971 1402 1088 1473 fronde
1106 1403 1283 1490 Minerva,

290 1510 366 1578 Hoc
384 1533 520 1578 carmen
540 1535 602 1603 pro
622 1524 697 1578 ture
717 1508 857 1579 damus:
874 1511 1029 1580 miserere
1047 1525 1193 1578 tuorum.

288 1615 365 1702 Me,
383 1639 518 1709 precor,
536 1615 621 1703 heu,
640 1640 694 1684 me
715 1615 817 1685 redde
836 1612 933 1686 mihi!
953 1617 1173 1712 gravibusque
1192 1615 1326 1685 medere

284 1718 503 1806 Vulneribus,
522 1722 689 1817 vitamque
708 1721 788 1815 jube
807 1721 994 1817 famamque
1015 1725 1145 1796 reverti.

288 1828 374 1916 Qua
389 1852 450 1922 per
466 1842 499 1897 te
515 1827 652 1915 cecidit,
667 1851 729 1922 per
749 1842 783 1897 te
804 1828 938 1897 fortuna
957 1843 1116 1925 resurgat
1327 1859 1353 1904 rs

289 1935 396 2003 Sanus
411 1932 561 2004 Achillea
578 1935 741 2003 remeavit
753 1932 919 2030 Telephus
935 1933 1048 2022 hasta;

285 2107 417 2176 dinirest,
431 2109 558 2164 «Parcere
567 2111 792 2182 subjectis,ete.·
841 2130 894 2163 rum
917 2111 1035 2184 apertius
1056 2110 1110 2164 hoc
1134 2109 1251 2177 indicat,
1279 2109 1352 2183 quod

328 2188 796 2262 33.Sm;uts‹›1,ponairje·
841 2190 944 2246 clientis
978 2192 1087 2244 nomine
1124 2191 1200 2243 illum
1232 2190 1352 2245 innuisse

286 2281 342 2323 ctus
354 2272 489 2336 tenebras,
503 2289 610 2324 serenus
623 2283 678 2336 αις
693 2269 797 2336 rictu,
841 2269 923 2324 modo
938 2271 1090 2324 monebam.
1103 2270 1157 2335 Qui
1178 2291 1206 2324 se
1224 2269 1300 2324 dedit
1314 2271 1352 2324 ri·

286 2349 363 2421 pules
383 2350 481 2403 furoris
503 2349 592 2416 nube,
610 2368 719 2403 serenus
739 2361 796 2403 esto
840 2350 923 2418 ctori,
933 2352 988 2422 jam
998 2350 1106 2404 victoris
1116 2349 1268 2422 estthujus
1277 2349 1352 2404 dein·

287 2427 369 2495 mihi,
379 2441 408 2484 et
421 2449 462 2485 me
476 2448 571 2484 rerem
583 2429 659 2485 vultu
673 2441 701 2483 et
712 2429 797 2502 arquis
840 2427 874 2484 de
886 2430 995 2485 interest
1006 2449 1111 2485 serrare
1123 2427 1286 2484 dedititium.

284 2510 370 2564 oculis
379 2508 495 2581 adspice.
881 2512 926 2573 43.
941 2511 982 2563 Me
994 2511 1066 2563 redde
1079 2511 1150 2573 milri,
1166 2510 1194 2563 h.
1216 2528 1240 2565 e.
1257 2508 1350 2565 condi·

326 2590 374 2652 34.
392 2590 483 2644 Molem
496 2588 562 2644 dicit
574 2607 684 2643 omnem
697 2589 753 2643 vim
768 2601 794 2643 et
839 2589 941 2643 tionem
964 2608 1050 2643 meam
1071 2590 1205 2663 priorem,
1220 2602 1253 2643 ut
1276 2590 1350 2663 quasi

284 2670 471 2723 auctoritatem
489 2670 540 2725 riri
557 2670 587 2722 in
601 2687 696 2741 magna
708 2667 797 2739 digni·
839 2668 1003 2741 poetliminio
1014 2670 1081 2734 sim,
1095 2670 1144 2741 qni
1157 2682 1219 2723 ante
1231 2670 1349 2723 irastam

286 2761 341 2802 tate
351 2788 361 2816 ‚
373 2750 459 2821 qualis
477 2762 517 2804 est
536 2750 583 2803 illa
596 2749 717 2821 Magistri
730 2747 798 2801 Offi-
838 2749 949 2802 fueram.
960 2750 1085 2803 Fortunio
1092 2750 1199 2822 optimis
1211 2762 1348 2821 usurpata,

286 2828 408 2894 ciorum,
422 2830 569 2882 constituti.
588 2829 621 2881 ln
639 2831 732 2881 albatis
745 2846 797 2881 uo·
840 2826 919 2882 etiam
930 2829 1029 2882 Tullio.

287 2908 360 2960 ruine
378 2920 405 2961 et
420 2908 575 2961 humilitatis
585 2906 706 2979 quedem
719 2908 796 2961 notio
882 2914 929 2971 44.
944 2909 1029 2961 Vitam
1044 2906 1110 2963 dicit
1125 2920 1156 2962 ut
1174 2909 1271 2981 optimi
1289 2908 1348 2981 qui·

286 2986 373 3053 inest,
386 2999 413 3040 et
429 2985 632 3041 necessitudinis
650 2990 724 3057 ejus,
736 3004 797 3058 quar
839 3006 903 3059 que,
927 2988 1087 3052 Terentius,
1109 2988 1225 3054 Cicero,
1247 2986 1281 3041 de
1295 2988 1350 3041 rite

286 3068 377 3139 potius
401 3085 506 3121 serrare
530 3066 605 3119 illurn
630 3084 661 3119 ac
684 3066 796 3120 liberare
839 3068 1019 3139 tranquillaret
1030 3068 1159 3121 honeste:
1170 3066 1348 3139 quodsemare

286 3146 585 3219 maloruadeat,quam
599 3146 759 3219 opprimere..
839 3148 936 3201 reverti
960 3148 1054 3218 jubere
1082 3147 1140 3201 vult
1166 3146 1348 3211 Hadrianum,

328 3234 376 3291 41.
388 3226 512 3299 Supplices
520 3228 596 3289 rami,
608 3226 797 3296 elpeatdtmba·
838 3229 892 3297 jam
911 3226 1045 3281 decretum
1065 3227 1252 3299 interpositum
1269 3228 1348 3281 fuisse

286 3305 362 3359 culus
371 3307 414 3361 tel
429 3308 567 3372 surculus,
583 3305 654 3359 foliis
664 3306 797 3375 mollibus,
839 3305 963 3371 videtur,
985 3326 1000 3361 a
1026 3325 1081 3379 quo
1100 3307 1209 3360 iufamia
1234 3304 1347 3379 quadam

287 3385 329 3437 vel
341 3385 401 3438 lana
413 3384 496 3452 adeo,
508 3386 672 3439 obvolutus:
684 3384 745 3439 talis
757 3398 796 3440 eet
839 3386 989 3457 pulsaretur
1004 3387 1082 3439 Poeta
1095 3405 1102 3439 :
1116 3386 1224 3439 infamia
1240 3388 1348 3459 proprie

281 3464 354 3531 frons
363 3466 493 3528 Mirer-vce,
509 3465 586 3520 olivae
597 3483 702 3530 ramus,
713 3483 796 3535 quem
840 3465 910 3519 dicta
925 3478 1047 3519 notatum
1061 3485 1116 3518 non
1131 3466 1225 3530 fuisse,
1239 3478 1347 3538 apparet

285 3544 418 3615 sapplioer
434 3545 582 3617 praeferunt
592 3557 619 3597 et
631 3543 796 3612 ostendunt,
839 3564 871 3598 ex
895 3564 921 3598 v.
946 3544 992 3599 51.
1006 3545 1123 3599 Videtur
1143 3546 1172 3601 iu
1189 3543 1285 3599 sodalis
1305 3546 1347 3597 vel

285 3642 339 3695 quo
354 3623 493 3690 indicant,
514 3643 542 3677 se
558 3622 674 3678 ludendi
688 3643 795 3677 ornnem
839 3624 916 3678 amici
932 3616 980 3692 (v.
997 3624 1048 3690 πά)
1058 3643 1133 3696 prena
1145 3625 1200 3697 ipse
1211 3625 1344 3688 ambustas,

286 3703 729 3775 animnmebjecisee.Hincpacales
736 3704 796 3757 oleoe
840 3718 869 3757 ut
887 3705 1035 3776 loquuntur
1054 3704 1088 3757 de
1107 3703 1164 3757 talis
1178 3705 1289 3777 periculi
1305 3724 1348 3759 so·

286 3783 366 3837 Ovid.
378 3786 443 3839 Met.
455 3786 514 3850 VI,
531 3802 582 3838 ιοι
592 3804 601 3850 ;
613 3797 640 3837 et
652 3802 684 3837 ex
692 3784 795 3848 Ponto,
839 3782 940 3837 rietate.
952 3783 1017 3836 Vid.
1026 3802 1050 3836 v.
1063 3784 1109 3837 52.

284 3862 312 3926 1,
327 3880 354 3925 r,
367 3864 413 3917 31:
430 3891 441 3913 ι
449 3867 564 3935 Adjuvat
573 3865 602 3919 in
614 3864 686 3917 bello
698 3876 796 3935 pacatae
883 3870 926 3925 46.
934 3862 1345 3925 ΑσΙιίΙΙεαΙιωεα;ΛοΙιὶὶἱιὺΙιωὶε,

284 3958 374 3993 ramus
383 3942 492 3997 olive.»
838 3941 912 3996 Med.
926 3961 979 3996 sec.
990 3942 1067 3996 lerdis
1077 3954 1193 4013 quatuor
1204 3942 1276 3996 Vatt
1291 3942 1346 3995 Pal.

326 4025 373 4082 4²·
387 4022 438 4073 Pro
451 4034 522 4087 ture,
538 4042 593 4096 quo
612 4023 693 4076 etiam
711 4038 795 4094 parvo
839 4023 911 4076 Rott.
930 4022 1011 4076 Oisel.
1031 4022 1155 4075 Heinsius
1175 4020 1347 4093 adscripscrat

282 4100 422 4167 placantur
438 4101 490 4173 ipsi
507 4103 560 4155 Dii.
573 4100 734 4156 Pronomine
745 4114 796 4153 ωο-
839 4100 967 4157 Passerat.
990 4102 1018 4155 in
1037 4102 1159 4173 Propert.
1179 4120 1206 4172 p.
1230 4104 1303 4165 262,
1319 4112 1346 4151 et
