3034 4900
312 421 356 490 18
547 421 620 488 CL.
650 420 952 491 CLAUDIANI
978 425 1124 492 XXIV.

306 555 484 620 Armorum
506 549 680 644 legumque
703 573 844 644 purens;
869 577 943 644 quae
965 553 1073 623 fundit
1091 556 1126 624 in
1144 583 1260 627 omnes

305 660 502 752 Imperium,
523 657 686 750 primique
707 655 799 726 dedit
819 657 982 728 cunabula
999 659 1092 752 Jurin

307 768 386 834 Haec
409 779 476 850 est,
497 765 622 858 exiguis
642 787 715 856 quae
737 764 858 833 finibus
879 780 968 853 orta,
986 767 1124 837 tetendit

304 873 343 938 ln
367 871 513 964 geminos
534 893 629 954 axes,
648 893 815 964 paruaque
836 895 856 938 a
877 871 953 942 sede
975 872 1141 966 profectas

307 977 470 1070 Dispersit
488 1001 564 1044 eum
583 974 650 1044 sole
672 999 812 1046 manus:
832 978 903 1046 haec
925 978 1023 1048 obvia
1044 979 1138 1066 fatis,
1329 1007 1368 1067 uq

305 1085 500 1150 Innumeras
521 1107 589 1154 uno
611 1097 740 1176 gereret
758 1108 862 1177 quum
878 1097 1028 1178 tempore
1047 1111 1192 1180 pugnas,

302 1190 466 1282 Hispanas
488 1203 636 1281 cuperet,
657 1187 783 1258 Siculas
803 1189 970 1258 obsideret
988 1191 1106 1277 urbes,

301 1297 345 1362 Et
366 1293 499 1364 Gallum
518 1295 613 1362 terris
632 1308 873 1386 prosterneret,
891 1303 1021 1388 aequorir
1039 1299 1195 1384 Poenum,

300 1403 479 1492 Nunquam
503 1399 675 1468 succubuit
697 1399 846 1482 domnis,
864 1414 898 1469 et
916 1402 1029 1470 territa
1047 1401 1137 1471 nullo

302 1505 465 1589 Vulnere,
485 1518 559 1598 post
578 1506 711 1573 Cannas
731 1508 835 1598 major
852 1507 1071 1600 Trebiamque
1091 1509 1276 1578 fremebat:
1326 1536 1362 1578 us

300 1615 345 1680 Et
364 1635 464 1704 quum
480 1611 549 1702 jam
569 1625 757 1704 premerent
775 1613 934 1700 flammae,
954 1637 1152 1708 mutumque
1171 1616 1282 1684 feriret

299 1719 430 1803 Hostis,
448 1718 481 1784 in
499 1729 663 1785 extremos
682 1719 786 1788 aciem
806 1720 958 1788 mittebat
972 1719 1095 1790 Iberos.

294 1825 368 1894 Neo
389 1823 477 1890 stetit
494 1824 630 1890 Oceano
650 1849 659 1904 3
677 1825 840 1917 remisque
860 1828 1005 1920 ingressa
1027 1826 1228 1920 profundum
1307 1828 1310 1832 '

298 2049 437 2104 calidiores
450 2065 505 2102 esse
521 2063 600 2100 zonas
614 2047 669 2100 illas
684 2049 734 2102 suh
751 2062 806 2102 tro-
904 2056 1030 2104 Pirum,
1043 2059 1162 2110 pronun,
1174 2059 1198 2097 nt
1209 2062 1253 2112 εμο

299 2132 365 2204 picis
383 2128 482 2200 positas
501 2127 651 2190 affirmans,
672 2126 750 2198 quod
768 2128 807 2180 sol
930 2129 1046 2180 menopes
1057 2131 1183 2181 ''dms'‘
1196 2129 1254 2169 sm

299 2212 337 2266 ibi
359 2207 461 2262 diutius
484 2217 603 2262 moretur
623 2225 702 2277 supra
722 2208 808 2278 capita
894 2206 957 2270 145.
975 2208 1006 2259 In
1020 2207 1102 2260 verbo
1111 2209 1229 2276 fremebat
1244 2222 1284 2262 est
1299 2213 1360 2282 pul·

300 2290 464 2352 incolarum,
478 2286 506 2340 in
526 2284 643 2338 adventu
658 2297 684 2338 et
693 2285 806 2350 reditu,
850 2285 976 2339 chritudo
990 2287 1108 2358 insignis.
1124 2289 1205 2342 Notat
1220 2290 1291 2342 enim
1305 2293 1359 2363 spi·

299 2389 382 2441 quum
394 2366 542 2420 habitantes
551 2366 601 2416 sub
612 2365 669 2436 ipso
676 2379 808 2435 aequutpre
849 2365 916 2418 ritus
931 2377 958 2416 et
974 2365 1075 2419 animos
1091 2386 1145 2419 non
1161 2366 1300 2440 depressos
1316 2389 1358 2423 ct·

245 2450 248 2455 '
298 2450 410 2505 celerius
418 2456 540 2497 transeut.
550 2445 667 2497 Doctum
679 2464 733 2498 esse
740 2464 807 2517 poe·
849 2443 981 2510 lumitate,
996 2443 1042 2497 sed
1059 2459 1167 2501 erectos.
1184 2448 1300 2517 Oportet
1312 2450 1359 2504 bic

299 2543 352 2581 tom
366 2520 727 2590 nostrum‚Alexendrinum‚
742 2526 807 2579 Cos·
848 2524 973 2577 lectorem
995 2538 1105 2577 eventus
1125 2527 1273 2598 precipuos
1294 2530 1357 2582 belli

298 2610 367 2661 mica
387 2604 507 2657 doctrine
523 2602 671 2671 imbutum,
687 2616 713 2655 et
730 2612 805 2657 πολυ-
848 2602 958 2655 secundi
966 2602 1061 2657 Punici
1073 2606 1207 2659 memorio
1215 2622 1357 2678 presentes

296 2689 388 2759 μαθίας
408 2693 611 2746 ostentatorem‚
630 2696 741 2736 constat.
763 2678 805 2738 Cf.
848 2681 954 2737 babere.

298 2766 332 2819 ad
347 2764 441 2826 XXII,
456 2762 529 2825 436ς
543 2772 570 2813 et
584 2762 688 2826 XCVI,
700 2784 728 2831 9·
891 2766 952 2827 1⁴⁶·
970 2762 1074 2817 Ferioer.
1088 2764 1175 2817 Habet
1191 2760 1279 2818 reiteret
1295 2769 1355 2839 cuj.

342 2845 405 2897 136.
415 2843 503 2893 Potens
512 2838 588 2893 MSS.
596 2840 668 2913 quod
677 2842 773 2913 probat
779 2856 806 2896 et
842 2843 947 2908 ferirent
959 2842 1015 2897 MS.
1029 2844 1145 2915 optimus
1160 2845 1252 2900 Heius.
1264 2848 1311 2917 qui
1323 2849 1357 2901 si·

296 2925 410 2979 illustrat
421 2922 512 2975 Heinr.
847 2922 939 2975 milem
962 2924 1185 2979 constructionem
1206 2926 1356 2979 obuenerit

341 3003 404 3072 139.
421 3000 534 3057 Gemr'rror
547 3020 612 3053 axes.
627 3000 765 3054 Orientem
778 3014 805 3055 et
847 3002 927 3055 etiam
938 3000 972 3055 td
979 3003 1058 3060 Orid.
1066 3006 1142 3057 Rern.
1155 3008 1208 3069 164
1219 3005 1286 3059 etad
1294 3010 1354 3060 AEn.

296 3082 470 3137 Occidentem
481 3080 617 3153 intelligit,
631 3079 704 3133 unde
713 3080 752 3137 sol
762 3100 806 3135 ve·
847 3082 887 3147 X,
905 3084 970 3153 238.
988 3114 1028 3125 -
1044 3084 1104 3136 Non
1123 3084 1242 3138 admovit
1262 3086 1355 3139 arietet

294 3166 351 3227 nit,
363 3175 389 3217 et
406 3179 462 3233 quo
475 3160 537 3213 obit.
548 3194 588 3202 -
602 3161 716 3227 Profecto
731 3160 802 3231 vulg.
846 3160 1320 3235 Hannibnl‚sedportisobequitavit‚
1329 3179 1355 3218 et

339 3249 402 3305 140.
415 3240 617 3306 Obviussatisest
625 3280 633 3305 ,
641 3239 687 3309 qui
696 3252 803 3293 strenue
845 3242 1086 3313 coepitcoruparcre
1094 3242 1298 3297 adobsidionem
1309 3264 1355 3298 ne·

295 3336 408 3393 occupat
423 3322 572 3384 fortunam,
583 3322 802 3390 etopportunita-
845 3320 963 3374 cessaria.
976 3320 1040 3375 Vid.
1058 3323 1115 3377 biv.
1135 3324 1241 3387 XXVI,
1263 3342 1292 3377 to
1313 3344 1352 3395 sq.

295 3401 457 3455 tibusutitur
469 3397 803 3471 adconsequendneaquae
844 3398 896 3451 Hic
915 3398 996 3453 modo
1014 3403 1139 3473 ponimus
1154 3403 1234 3455 verbu
1252 3422 1276 3455 c.
1297 3422 1349 3456 11:

294 3482 353 3535 fatis
369 3480 419 3551 ipsi
432 3478 561 3531 destinata
574 3492 645 3531 sunt.
658 3511 698 3521 -
713 3480 802 3551 Dispe-
848 3505 859 3526 ι
875 3478 996 3533 Minuere
1011 3500 1084 3553 spem
1101 3482 1255 3535 Hannibalis
1277 3482 1353 3548 alin,

292 3566 338 3614 scit
349 3563 419 3631 conj.
435 3558 501 3611 Scnl.
512 3562 585 3611 votis.
597 3558 673 3611 MSS.
843 3577 924 3629 parva
938 3578 1098 3632 magnaque,
1112 3580 1171 3614 res:
1187 3580 1281 3631 magna
1292 3560 1352 3625 illc,

334 3647 398 3704 14²·
411 3636 801 3709 Obsr'deretertiacoujugetione
844 3636 1352 3711 quodquumipseadmoeniaurbisllo·

290 3716 801 3791 neeoptimosrefugisse,dooentThe·
843 3737 893 3771 ωε
914 3732 1029 3773 minatus
1049 3718 1166 3785 sederet,
1186 3720 1282 3772 milites
1301 3723 1351 3775 sub

291 3800 361 3851 sauri
382 3799 473 3855 nostri.
493 3829 534 3839 -
549 3796 702 3849 Submitteret
725 3798 798 3868 vulg.
843 3798 944 3851 vexillis
954 3798 982 3850 in
990 3801 1203 3871 supplementum
1215 3798 1352 3870 Hispania

289 3878 405 3931 obsideret
418 3881 495 3933 etiem
509 3878 569 3947 Cuj.
840 3878 973 3948 protectos
999 3878 1117 3943 audivit3
1138 3898 1219 3951 perra
1242 3893 1350 3943 autem,

334 3962 396 4019 144.
415 3958 544 4028 Nunquam
563 3956 693 4009 succubuit.
710 3956 796 4009 Hora·
840 3955 1349 4031 quodpereosdieseumforteegrum,

289 4036 340 4089 tius
348 4075 357 4101 ‚
366 4033 420 4089 Od.
432 4034 478 4089 lib.
486 4038 529 4089 lv
531 4073 539 4101 ‚
548 4054 587 4099 tv,
600 4036 635 4105 59
648 4054 685 4107 sq.
698 4052 705 4087 ε
840 4036 868 4088 in
878 4055 934 4107 quo
944 4037 999 4109 ipse
1008 4051 1092 4093 castra
1101 4038 1223 4103 haberet,
1232 4038 1348 4102 venisse,
