3034 4900
286 517 359 613 390
503 521 577 589 cL.
606 520 909 589 CLAUDIANI
936 520 1119 588 LXXVI.

283 650 382 739 Quod
403 664 533 746 turpem
551 652 672 746 puteris
686 652 755 745 jam
774 676 858 722 cano
876 651 994 745 podice
1012 651 1184 733 morbum,

335 758 494 825 Femineis
512 758 610 852 signis
625 760 723 826 Luna
738 760 916 853 Venusque
935 756 1006 827 fuit.

281 864 416 930 Artn'vit
434 864 594 932 Saturnus
611 888 710 958 opes:
729 864 795 934 hoc
814 890 948 961 prorsus
966 866 1000 932 in
1018 888 1085 933 uno

335 971 469 1056 Haere0,
485 994 557 1063 quae
577 994 723 1042 cunnum
741 970 886 1041 lambere
905 994 1003 1040 causa
1022 970 1108 1039 facit.

283 1169 403 1239 planeta,
419 1169 441 1221 si
455 1170 555 1222 nonsit
569 1170 659 1223 inmo
677 1168 788 1224 domici·
833 1183 894 1225 sunt
911 1172 1002 1238 Aries,
1018 1167 1137 1235 Gemini,
1151 1170 1221 1232 Leo,
1236 1182 1286 1223 etc.
1304 1172 1342 1223 fe·

284 1249 320 1300 lio
337 1267 359 1299 e.
375 1248 394 1300 i.
405 1266 430 1318 g.
445 1268 468 1301 n.
833 1250 933 1303 minine
952 1252 1073 1316 Taurus,
1097 1248 1217 1315 Csncer,
1236 1250 1340 1321 Virgo:

323 1330 349 1379 6.
371 1328 404 1379 In
427 1329 503 1397 signis
515 1329 645 1395 fernineis,
666 1341 789 1383 nascente
833 1343 864 1383 ut
875 1328 1225 1401 alternisseconsequantur
1238 1329 1266 1383 in
1275 1329 1343 1383 serie

283 1406 410 1467 Curetio,
439 1406 512 1459 fuere
538 1409 650 1479 planetu
672 1406 790 1481 ejusdem
833 1407 1154 1481 illsZodiuci,quomod0
1168 1407 1249 1463 hodie
1262 1409 1344 1461 inso-

283 1504 361 1538 nexus
376 1486 468 1539 Venus
479 1498 506 1539 et
516 1487 600 1541 Luna.
614 1488 744 1559 [oquitur
754 1508 790 1542 ex
834 1488 930 1543 delitiis
945 1490 1131 1561 elegantiarum
1146 1489 1288 1541 hominurn
1304 1488 1342 1539 nl·

282 1565 345 1617 artis
354 1565 498 1636 preceptis.
509 1568 550 1619 De
560 1567 638 1619 Luna
649 1580 675 1620 et
684 1569 789 1622 Venere
834 1571 916 1623 ternis
934 1568 1054 1635 sedetur,
1069 1582 1099 1623 ut
1121 1569 1185 1621 olim
1204 1569 1257 1622 ΧΠ
1272 1568 1343 1619 Deos

283 1655 376 1707 notum
387 1644 497 1715 ubique.
505 1648 789 1718 DesiguisManil.11,
834 1649 862 1701 in
890 1649 1057 1703 lectisterniis
1084 1648 1203 1703 solebant
1229 1650 1344 1718 jungere

286 1725 358 1789 151,
374 1725 535 1777 masculam
554 1740 610 1779 suut
620 1728 715 1779 Diversi
731 1733 788 1791 toti·
834 1730 965 1791 Romani,
979 1730 1073 1781 Jovem
1089 1746 1142 1781 suae
1157 1728 1273 1791 lunoni,
1291 1728 1345 1777 Ve-

281 1803 335 1853 dem
362 1808 471 1872 generat,
494 1806 538 1859 sub
561 1810 670 1878 principe
699 1808 788 1859 Tauro.
833 1810 890 1863 neri
904 1805 1345 1873 Martem,etc.Vid.Lir.XXII,

283 1882 405 1953 Nempe,
422 1896 453 1937 ut
473 1897 513 1940 est
532 1885 629 1941 diserte
644 1885 715 1959 apud
731 1887 789 1940 Fir·
833 1906 891 1959 cap.
907 1906 947 1941 ro.

282 1962 397 2028 micum,
412 1967 517 2019 Astron.
533 1966 579 2032 11,
598 1967 789 2030 1,masculine
875 1970 900 2022 8.
914 1968 981 2023 Cura
987 1970 1039 2035 fuit
1054 1966 1128 2021 Mss.
1139 1986 1212 2021 causa
1221 1967 1273 2035 suit
1286 1962 1342 2019 MS.

282 2155 1347 2183 mmmmmwwwumnmmmmwnmmmwsmwwmm

710 2350 918 2416 LXXVII.

306 2573 442 2618 xxvrr.
474 2541 777 2619 istricorum*
817 2573 1084 2620 nrncrsrnuru
1112 2571 1329 2628 ruvirum.

287 2719 388 2834 Puri
409 2762 534 2828 cineres
552 2756 663 2841 Pauli,
682 2783 742 2853 per
762 2760 835 2828 cani
856 2759 969 2828 limina
988 2761 1096 2842 Petri,

338 2867 387 2934 Ne
404 2865 526 2935 laceres
543 2889 674 2951 versus,
693 2864 760 2932 dux
778 2866 914 2952 lacobe,
932 2888 1045 2933 meos:

323 3065 438 3123 'Jacobi
460 3067 540 3139 hujus
558 3085 591 3118 an
608 3064 658 3118 sliu
678 3067 793 3136 supersit
835 3064 921 3118 videri
934 3063 992 3116 vult
1005 3060 1149 3126 obtestari,
1165 3079 1199 3114 ne
1212 3062 1277 3114 velit
1293 3081 1347 3114 am·

284 3149 406 3212 mentio,
437 3165 494 3199 non
521 3143 642 3198 dixerim.
672 3144 793 3216 Magistri
836 3145 905 3216 plius
924 3142 1039 3196 earmina
1059 3161 1106 3197 sus
1131 3139 1278 3196 traducere.
1299 3142 1347 3194 Ille
1445 3161 1447 3166 ·
1480 3195 1481 3206 ,

283 3231 412 3300 Equitum
424 3225 538 3297 dignitus
548 3225 672 3290 illustris,
682 3238 709 3277 et
718 3223 792 3278 ordi·
836 3241 916 3294 porro
927 3223 1013 3276 cultus
1020 3225 1076 3292 jem
1087 3235 1144 3276 tum
1156 3221 1345 3274 immoderatus

283 3308 357 3361 narie
369 3307 495 3376 Magistro
502 3303 627 3357 Peditum
642 3306 790 3375 prasertim.
837 3317 862 3356 et
875 3302 1088 3372 superstitiosus,
1107 3320 1142 3354 ne
1157 3299 1223 3372 quid
1241 3299 1345 3372 gravius

283 3386 348 3439 vid.
364 3385 488 3439 Gotholr.
506 3384 594 3437 Perat.
613 3383 647 3438 ad
659 3384 758 3437 librum
773 3403 789 3454 7
835 3381 920 3434 dicam
929 3381 1024 3444 ,luisse
1035 3381 1216 3452 debet,quum
1226 3379 1279 3433 hoc
1290 3379 1346 3451 epi·

284 3468 315 3520 C.
325 3463 431 3519 Theod.
443 3464 489 3534 qui
505 3477 544 3516 est
556 3476 630 3516 totus
640 3462 675 3516 de
685 3483 715 3516 re
724 3463 792 3515 mili·
835 3478 952 3532 gramma
972 3461 1149 3526 scriberemr,
1169 3459 1242 3532 quod
1267 3458 1345 3512 Clau·
1363 3487 1366 3492 ·

284 3548 334 3600 tari
357 3565 384 3616 p.
408 3543 473 3597 250.
500 3544 533 3596 In
558 3542 659 3595 Notitia
689 3542 790 3612 Dignit.
835 3539 917 3594 diano
930 3539 1068 3596 vindicant
1079 3541 1201 3594 Barthius
1211 3552 1237 3593 et
1249 3539 1342 3592 Heius.

282 3628 352 3698 Imp.
360 3623 453 3678 Occid.
467 3643 488 3678 s
503 3624 643 3686 immittitu
653 3635 714 3693 post
724 3623 792 3674 Prm·
835 3619 932 3674 sedin
947 3622 1065 3690 margine
1077 3621 1154 3674 anil.
1162 3619 1343 3690 adscriptum,

283 3708 364 3760 lectos
377 3705 504 3758 Pretorio
519 3716 547 3756 et
565 3701 639 3756 urbis
653 3713 791 3772 ponuntur
836 3701 892 3752 Hoc
909 3705 1055 3770 epigramma
1066 3704 1111 3754 uin
1124 3699 1194 3752 credo
1206 3719 1255 3752 esse
1271 3699 1345 3752 Clau-

284 3785 403 3857 Magistri
417 3783 539 3838 Peditum
556 3796 583 3836 et
594 3782 728 3851 Equimm.
834 3781 910 3833 diunt.
929 3779 1069 3852 Quidquid
1089 3782 1144 3852 ejus
1164 3781 1214 3842 sit,
1235 3789 1344 3848 propter

327 3884 349 3918 r.
363 3867 414 3918 Pro
428 3870 498 3926 cani,
509 3860 668 3915 sanetiMSS.
682 3861 790 3930 ent-
835 3859 991 3916 Sanctorum
1000 3873 1027 3914 et
1033 3861 1182 3929 Martyrum
1195 3854 1345 3912 admiratio·

283 3946 321 3998 Ut
338 3943 460 3997 mordeat
474 3943 578 4006 virum,
592 3961 607 3994 a
628 3960 681 4012 quo
699 3957 790 3993 versus
834 3933 1346 4010 neszcoboexprobmtam,abjudica-

283 4024 412 4095 quosdam
431 4043 492 4076 suos
503 4022 677 4092 reprehensos
700 4019 789 4073 irasci-
834 4020 859 4072 ri
870 4020 1017 4076 Claudiano
1032 4021 1083 4074 huc
1098 4019 1258 4090 epigramma
1272 4025 1344 4066 vetut

284 4116 341 4170 tur,
355 4103 445 4157 illudit
453 4104 625 4161 Sanctorum,
637 4119 703 4170 quos
713 4113 789 4152 vocat
834 4097 1202 4170 Hieronymus,quihouipsu
1212 4109 1345 4165 ternpore,

281 4183 414 4247 Ecclesia,
435 4181 535 4244 cultui,
555 4199 602 4248 per
622 4198 688 4248 quos
711 4180 788 4233 illum
833 4179 892 4248 plus
901 4199 979 4249 quum
989 4198 1054 4249 opus
1065 4190 1219 4242 est,contra
1228 4172 1345 4248 Vigilan-
