3034 4900
286 456 359 529 368
547 464 620 531 CL.
651 463 955 535 CLAUDIANI
984 468 1085 537 LIV.

283 639 1352 682 ὶἉΜἎδΜΜΜΜΜΜΜΜΜΜΜΛΙΜὶΜΜΜ

767 836 864 903 LIV.

522 1064 574 1135 III.
609 1066 871 1115 DESCRIPTIO
904 1071 1108 1117 Anulum

697 1248 930 1271 ...a-o·—

575 1395 1053 1487 FRAGMENTUM.

287 1566 398 1692 Nos
417 1608 497 1679 tales
514 1598 680 1702 quondam
698 1612 824 1703 species
843 1608 918 1679 tulit
933 1627 1156 1682 armentorum

336 1716 447 1787 Tellus
464 1717 648 1810 tergemino
664 1715 797 1784 subdita
814 1718 982 1811 Geryoni3

284 1828 362 1897 Non
380 1822 478 1911 tales,
495 1821 680 1909 Clitumna,
699 1821 790 1891 lavas
809 1824 842 1891 in
861 1825 991 1919 gurgite
1008 1840 1136 1911 tnuroS,

336 1932 477 2025 Tarpeio
493 1928 642 1998 referunt
657 1952 740 2022 quos
755 1929 811 2024 pia
826 1944 906 1999 vota
921 1933 1018 2019 Jovi3

284 2039 361 2108 Non
379 2036 452 2107 talis
466 2037 580 2129 Tyrias
597 2037 752 2131 sparsisse
766 2036 927 2129 juvencus
945 2064 1062 2109 arenas

337 2146 487 2230 Dicitur,
503 2156 655 2237 optatum
671 2143 805 2237 quando
824 2147 950 2214 revexit
965 2171 1048 2215 onus
1061 2172 1070 2234 ;

284 2252 361 2321 Non
377 2254 525 2320 Cretaeus
543 2272 637 2343 ager,
659 2274 721 2318 nec
738 2253 839 2319 amati
855 2253 986 2322 conscia
1002 2256 1088 2322 tauri

338 2361 504 2443 Gnossos‚
523 2379 585 2424 nec
604 2353 724 2424 similes
739 2358 868 2451 paverit
883 2358 943 2427 Ida
960 2359 1054 2428 feras.

284 2469 359 2561 lpse
375 2480 409 2533 et
423 2461 593 2558 dispariles
610 2477 760 2532 monstro
777 2466 971 2534 commissus
987 2467 1022 2533 in
1040 2480 1146 2552 artus,

323 2644 337 2669 ἢ
346 2650 433 2702 Ellam
442 2648 495 2700 hoc
507 2647 667 2719 epigramma
677 2642 793 2710 villelm,
836 2659 892 2711 Colla
902 2661 950 2698 toris
962 2669 1036 2699 eruunt
1046 2677 1051 2699 ι
1063 2661 1120 2698 ermis
1132 2658 1215 2713 pulsarit
1226 2663 1320 2714 pendent.

282 2730 369 2802 qualia
380 2730 407 2780 ln
421 2727 545 2797 Myronis
555 2725 681 2777 buculam
691 2735 794 2777 entant
833 2727 913 2768 Cornu·
925 2742 994 2781 prm.
1002 2755 1008 2768 .
1015 2729 1086 2780 ‚magis
1097 2728 1196 2780 perlucida
1205 2743 1287 2782 gemma.

284 2812 438 2864 Graecorum
453 2818 479 2858 et
494 2805 619 2867 Ausonii,
631 2803 719 2875 qualia
731 2817 793 2856 suut
836 2799 852 2838 Ρ
853 2813 940 2838 “““““
941 2797 979 2838 ¹²¹¹·
988 2799 1053 2840 ΒΜ·
1059 2826 1197 2839 ···········

285 2893 313 2942 in
323 2885 525 2956 Amphitheatro
537 2897 563 2936 et
573 2883 713 2935 sliamultu
723 2882 793 2936 Man
870 2899 903 2950 ¹7.
919 2878 962 2933 Ad
975 2880 1130 2952 Pasiphaes,
1143 2881 1242 2935 Minoo
1253 2888 1349 2957 conju-

284 2969 362 3022 tialis'.
369 2967 433 3018 Non
442 2976 554 3034 estopus
559 2974 653 3033 putare
659 2963 793 3032 fragmen·
835 2961 887 3030 gis,
899 2957 1027 3030 flagitium
1040 2961 1163 3032 respicit,
1176 2962 1239 3032 Qua
1247 2961 1347 3028 (ovid.

286 3062 343 3103 turn
354 3064 417 3100 esse.
836 3041 902 3092 Met.
917 3039 1000 3105 VIII,
1014 3031 1080 3110 132)
1094 3053 1183 3095 torvum
1197 3043 1262 3113 ligno
1277 3047 1347 3096 dece-

329 3149 352 3182 ι.
371 3125 440 3178 Talis
453 3122 528 3176 malit
541 3121 633 3174 Heius.
832 3123 872 3190 pit
896 3119 1006 3170 adultera
1034 3133 1143 3185 taurum,
1170 3123 1347 3198 Dissortemque

326 3227 352 3260 η.
364 3206 484 3275 Geryonae
493 3201 566 3254 malit
577 3202 666 3253 Heius.
673 3203 793 3254 -Inter
837 3212 902 3251 utero
908 3201 987 3267 fetum
1004 3202 1072 3264 tulin
1082 3201 1265 3256 Minotaurum
1275 3223 1348 3258 ueru-

284 3286 408 3340 Herculis
416 3284 534 3348 labores,
544 3280 690 3352 Geryonis,
701 3282 795 3334 tricor·
835 3299 870 3351 pe
877 3279 1065 3352 Semibovemque
1073 3285 1161 3346 viriam,
1170 3288 1346 3356 semivirumque

285 3367 359 3440 poris
369 3365 441 3417 illius
452 3363 535 3432 regis,
548 3361 628 3412 boves
641 3358 749 3414 abducti
761 3378 793 3412 ex
837 3359 925 3424 bovem,
938 3371 969 3412 ut
980 3374 1055 3414 vocat
1067 3363 1124 3415 Art.
1136 3363 1196 3416 Am.
1206 3364 1247 3428 ΙΙ,
1260 3369 1304 3426 ²4·

284 3447 378 3500 ultima
390 3441 515 3513 Hispania
526 3458 575 3510 per
584 3439 698 3493 Galliam
709 3453 736 3493 et
743 3443 794 3493 Ita·
878 3442 904 3493 8.
919 3441 965 3492 Ida
980 3441 1065 3493 Cretae
1078 3459 1167 3508 mous,
1185 3461 1243 3513 qua·
1258 3443 1345 3496 insula

284 3529 356 3582 liam.
368 3521 433 3575 vid.
445 3519 478 3573 ad
491 3525 552 3573 AEn.
561 3521 631 3585 VII,
645 3523 712 3593 662¹.
835 3519 898 3572 alias
911 3538 1019 3591 quoque
1034 3533 1214 3574 armentorum
1228 3523 1347 3593 pulchri-

327 3598 792 3665 3.Dehocdictumadxxv111‚506.
836 3597 930 3652 tudine
945 3601 1043 3653 uohilis
1062 3601 1155 3658 luisse,
1174 3603 1216 3655 vel
1235 3621 1268 3654 ex
1281 3603 1345 3674 ipsis

327 3695 353 3751 4,
375 3685 491 3752 Resenmt
508 3699 566 3753 quos
582 3683 627 3751 pia
647 3692 724 3741 nom
746 3680 794 3752 qui
836 3678 878 3732 his
902 3680 1098 3734 narrationibus
1120 3681 1285 3753 intelligitur.
1305 3715 1345 3724 -

284 3773 366 3824 boves
374 3762 539 3836 promissiex
547 3772 622 3822 voto,
630 3759 793 3824 referuntur,
836 3759 912 3812 Feros
925 3759 1000 3812 MSS.
1015 3759 1087 3831 quod
1098 3759 1291 3831 preferendum
1304 3763 1344 3815 vi·

285 3839 678 3908 solvuntur‚mactenturJovi.
837 3837 923 3891 detur.
1315 3847 1319 3855 ’

327 3931 353 3981 5.
363 3927 469 3976 Taurus
477 3923 590 3991 Europe
596 3921 685 3991 Tyriae
692 3933 792 3990 raptor,
874 3937 900 3988 9.
907 3920 1021 3987 Diffusus
1031 3919 1101 3991 vulg.
1108 3919 1210 3990 diffisus,
1222 3923 1342 3988 confusus,

285 4011 313 4062 in
342 4023 395 4076 quo
418 4002 526 4073 Jupiter
547 4000 634 4054 latuit.
661 3999 794 4053 Describit
836 3999 869 4051 al.
889 4003 1022 4051 commissus
1041 3999 1120 4052 etism
1140 4001 1201 4070 Cuj.
1219 4000 1292 4071 quod
1311 4021 1343 4053 ex

285 4085 367 4141 Ovid.
377 4083 442 4134 Met.
455 4083 498 4145 11,
513 4080 567 4136 852
585 4100 591 4131 :
835 4077 911 4131 MSS.
924 4093 950 4132 et
963 4079 1119 4132 auctoritate
1130 4078 1242 4132 aliorum
1255 4081 1343 4133 firmat

287 4166 668 4214 ,,.,ωΙουιίνίΗοῑ-...ω-...υ-
835 4157 925 4211 Heius.
