<?xml version="1.0" encoding="UTF-8"?>
<!DOCTYPE html PUBLIC "-//W3C//DTD XHTML 1.0 Transitional//EN"
    "http://www.w3.org/TR/xhtml1/DTD/xhtml1-transitional.dtd">
<html xmlns="http://www.w3.org/1999/xhtml" xml:lang="en" lang="en">
 <head>
  <title>
</title>
<meta http-equiv="Content-Type" content="text/html;charset=utf-8" />
  <meta name='ocr-system' content='tesseract 3.04.00' />
  <meta name='ocr-capabilities' content='ocr_page ocr_carea ocr_par ocr_line ocrx_word'/>
</head>
<body>
  <div class='ocr_page' id='page_1' title='image "./claudiiclaudian01artagoog_0416.png"; bbox 0 0 3034 4900; ppageno 0'>
   <div class='ocr_carea' id='block_1_1' title="bbox 176 492 1057 578">
    <p class='ocr_par' dir='ltr' id='par_1_1' title="bbox 176 492 1057 578">
     <span class='ocr_line' id='line_1_1' title="bbox 176 492 1057 578; baseline 0.002 -19"><span class='ocrx_word' id='word_1_1' title='bbox 176 543 182 558; x_wconf 70' lang='grc'><strong>,</strong></span> <span class='ocrx_word' id='word_1_2' title='bbox 239 492 317 578; x_wconf 69' lang='grc'><strong>406</strong></span> <span class='ocrx_word' id='word_1_3' title='bbox 483 495 558 564; x_wconf 91' lang='lat' dir='ltr'><strong>CL.</strong></span> <span class='ocrx_word' id='word_1_4' title='bbox 587 495 891 567; x_wconf 77' lang='lat' dir='ltr'><strong>CLAUDIANI</strong></span> <span class='ocrx_word' id='word_1_5' title='bbox 914 496 1057 565; x_wconf 86' lang='lat' dir='ltr'><strong>XCIX.</strong></span> 
     </span>
    </p>
   </div>
   <div class='ocr_carea' id='block_1_2' title="bbox 210 623 1310 1147">
    <p class='ocr_par' dir='ltr' id='par_1_2' title="bbox 239 623 967 723">
     <span class='ocr_line' id='line_1_2' title="bbox 239 623 967 723; baseline 0.003 -31"><span class='ocrx_word' id='word_1_6' title='bbox 239 623 368 693; x_wconf 84' lang='lat' dir='ltr'><strong>Ordine</strong></span> <span class='ocrx_word' id='word_1_7' title='bbox 384 626 535 719; x_wconf 85' lang='lat' dir='ltr'><strong>purgatis</strong></span> <span class='ocrx_word' id='word_1_8' title='bbox 552 626 668 696; x_wconf 81' lang='lat' dir='ltr'><strong>adimis</strong></span> <span class='ocrx_word' id='word_1_9' title='bbox 689 630 842 723; x_wconf 81' lang='lat' dir='ltr'><strong>contagia</strong></span> <span class='ocrx_word' id='word_1_10' title='bbox 859 628 967 696; x_wconf 87' lang='lat' dir='ltr'><strong>terris.</strong></span> 
     </span>
    </p>

    <p class='ocr_par' dir='ltr' id='par_1_3' title="bbox 210 730 1117 828">
     <span class='ocr_line' id='line_1_3' title="bbox 210 730 1117 828; baseline 0.003 -30"><span class='ocrx_word' id='word_1_11' title='bbox 210 752 213 755; x_wconf 76' lang='grc'><strong>’</strong></span> <span class='ocrx_word' id='word_1_12' title='bbox 237 733 290 799; x_wconf 90' lang='lat' dir='ltr'><strong>Tu</strong></span> <span class='ocrx_word' id='word_1_13' title='bbox 305 730 417 818; x_wconf 86' lang='lat' dir='ltr'><strong>solus,</strong></span> <span class='ocrx_word' id='word_1_14' title='bbox 432 732 605 826; x_wconf 84' lang='lat' dir='ltr'><strong>Patrisque</strong></span> <span class='ocrx_word' id='word_1_15' title='bbox 625 758 758 822; x_wconf 86' lang='lat' dir='ltr'><strong>comes,</strong></span> <span class='ocrx_word' id='word_1_16' title='bbox 775 750 810 803; x_wconf 92' lang='lat' dir='ltr'><strong>tu</strong></span> <span class='ocrx_word' id='word_1_17' title='bbox 827 733 968 828; x_wconf 89' lang='lat' dir='ltr'><strong>Spiritus</strong></span> <span class='ocrx_word' id='word_1_18' title='bbox 986 733 1117 819; x_wconf 88' lang='lat' dir='ltr'><strong>insons,</strong></span> 
     </span>
    </p>

    <p class='ocr_par' dir='ltr' id='par_1_4' title="bbox 238 837 1097 934">
     <span class='ocr_line' id='line_1_4' title="bbox 238 837 1097 934; baseline 0.002 -30"><span class='ocrx_word' id='word_1_19' title='bbox 238 838 284 904; x_wconf 89' lang='lat' dir='ltr'><strong>Et</strong></span> <span class='ocrx_word' id='word_1_20' title='bbox 300 838 399 905; x_wconf 94' lang='lat' dir='ltr'><strong>toties</strong></span> <span class='ocrx_word' id='word_1_21' title='bbox 415 862 524 926; x_wconf 91' lang='lat' dir='ltr'><strong>unus,</strong></span> <span class='ocrx_word' id='word_1_22' title='bbox 543 837 729 934; x_wconf 79' lang='lat' dir='ltr'><strong>triplicique</strong></span> <span class='ocrx_word' id='word_1_23' title='bbox 747 842 781 909; x_wconf 92' lang='lat' dir='ltr'><strong>in</strong></span> <span class='ocrx_word' id='word_1_24' title='bbox 797 840 931 909; x_wconf 89' lang='lat' dir='ltr'><strong>nomine</strong></span> <span class='ocrx_word' id='word_1_25' title='bbox 951 837 1097 932; x_wconf 83' lang='lat' dir='ltr'><strong>simplex.</strong></span> 
     </span>
    </p>

    <p class='ocr_par' dir='ltr' id='par_1_5' title="bbox 240 940 1180 1039">
     <span class='ocr_line' id='line_1_5' title="bbox 240 940 1180 1039; baseline 0.001 -29"><span class='ocrx_word' id='word_1_26' title='bbox 240 940 350 1030; x_wconf 87' lang='lat' dir='ltr'><strong>Quid,</strong></span> <span class='ocrx_word' id='word_1_27' title='bbox 366 944 428 1012; x_wconf 90' lang='lat' dir='ltr'><strong>nisi</strong></span> <span class='ocrx_word' id='word_1_28' title='bbox 445 968 508 1039; x_wconf 92' lang='lat' dir='ltr'><strong>pro</strong></span> <span class='ocrx_word' id='word_1_29' title='bbox 524 946 671 1032; x_wconf 89' lang='lat' dir='ltr'><strong>cunctis,</strong></span> <span class='ocrx_word' id='word_1_30' title='bbox 689 946 804 1017; x_wconf 82' lang='lat' dir='ltr'><strong>aliud?</strong></span> <span class='ocrx_word' id='word_1_31' title='bbox 821 948 906 1036; x_wconf 89' lang='lat' dir='ltr'><strong>Quis</strong></span> <span class='ocrx_word' id='word_1_32' title='bbox 921 943 1056 1014; x_wconf 90' lang='lat' dir='ltr'><strong>credere</strong></span> <span class='ocrx_word' id='word_1_33' title='bbox 1075 943 1180 1037; x_wconf 86' lang='lat' dir='ltr'><strong>possit</strong></span> 
     </span>
    </p>

    <p class='ocr_par' dir='ltr' id='par_1_6' title="bbox 238 1048 1310 1147">
     <span class='ocr_line' id='line_1_6' title="bbox 238 1048 1310 1147; baseline 0.003 -31"><span class='ocrx_word' id='word_1_34' title='bbox 238 1050 287 1116; x_wconf 90' lang='lat' dir='ltr'><strong>Te</strong></span> <span class='ocrx_word' id='word_1_35' title='bbox 305 1049 450 1143; x_wconf 89' lang='lat' dir='ltr'><strong>potuisse</strong></span> <span class='ocrx_word' id='word_1_36' title='bbox 467 1052 573 1138; x_wconf 89' lang='lat' dir='ltr'><strong>mori,</strong></span> <span class='ocrx_word' id='word_1_37' title='bbox 590 1066 722 1147; x_wconf 90' lang='lat' dir='ltr'><strong>poteras</strong></span> <span class='ocrx_word' id='word_1_38' title='bbox 740 1054 797 1147; x_wconf 92' lang='lat' dir='ltr'><strong>qui</strong></span> <span class='ocrx_word' id='word_1_39' title='bbox 817 1051 954 1123; x_wconf 80' lang='lat' dir='ltr'>reddere</span> <span class='ocrx_word' id='word_1_40' title='bbox 971 1048 1100 1119; x_wconf 78' lang='lat' dir='ltr'><strong>vitam?</strong></span> <span class='ocrx_word' id='word_1_41' title='bbox 1228 1062 1231 1071; x_wconf 91' lang='lat'>&#39;</span> <span class='ocrx_word' id='word_1_42' title='bbox 1281 1080 1310 1119; x_wconf 77' lang='lat'><strong>3⁰</strong></span> 
     </span>
    </p>
   </div>
   <div class='ocr_carea' id='block_1_3' title="bbox 239 1241 1306 1871">
    <p class='ocr_par' dir='ltr' id='par_1_7' title="bbox 239 1241 1306 1634">
     <span class='ocr_line' id='line_1_7' title="bbox 243 1241 1306 1315; baseline 0.003 -23"><span class='ocrx_word' id='word_1_43' title='bbox 243 1259 279 1309; x_wconf 81' lang='lat'><strong>²7</strong></span> <span class='ocrx_word' id='word_1_44' title='bbox 296 1254 324 1293; x_wconf 88' lang='lat' dir='ltr'><strong>et</strong></span> <span class='ocrx_word' id='word_1_45' title='bbox 342 1241 396 1294; x_wconf 78' lang='lat'><strong>28?</strong></span> <span class='ocrx_word' id='word_1_46' title='bbox 410 1244 465 1294; x_wconf 76' lang='lat' dir='ltr'><strong>hut</strong></span> <span class='ocrx_word' id='word_1_47' title='bbox 480 1242 558 1295; x_wconf 82' lang='lat' dir='ltr'><strong>lellor</strong></span> <span class='ocrx_word' id='word_1_48' title='bbox 574 1243 692 1315; x_wconf 87' lang='lat' dir='ltr'><strong>egregie,</strong></span> <span class='ocrx_word' id='word_1_49' title='bbox 704 1258 750 1297; x_wconf 88' lang='lat' dir='ltr'><strong>aut</strong></span> <span class='ocrx_word' id='word_1_50' title='bbox 838 1264 882 1313; x_wconf 79' lang='lat'><strong>²9·</strong></span> <span class='ocrx_word' id='word_1_51' title='bbox 899 1241 973 1308; x_wconf 87' lang='lat' dir='ltr'><strong>Quid</strong></span> <span class='ocrx_word' id='word_1_52' title='bbox 988 1241 1039 1295; x_wconf 89' lang='lat' dir='ltr'><strong>sibi</strong></span> <span class='ocrx_word' id='word_1_53' title='bbox 1054 1241 1163 1308; x_wconf 83' lang='lat' dir='ltr'><strong>volunt,</strong></span> <span class='ocrx_word' id='word_1_54' title='bbox 1176 1260 1306 1313; x_wconf 78' lang='lat' dir='ltr'><strong>quorsum</strong></span> 
     </span>
     <span class='ocr_line' id='line_1_8' title="bbox 240 1318 1304 1395; baseline 0.003 -24"><span class='ocrx_word' id='word_1_55' title='bbox 240 1318 434 1373; x_wconf 81' lang='lat' dir='ltr'><strong>Sabelhnnismi</strong></span> <span class='ocrx_word' id='word_1_56' title='bbox 451 1322 554 1377; x_wconf 79' lang='lat' dir='ltr'><strong>crimen</strong></span> <span class='ocrx_word' id='word_1_57' title='bbox 575 1323 620 1375; x_wconf 82' lang='lat' dir='ltr'><strong>vix</strong></span> <span class='ocrx_word' id='word_1_58' title='bbox 638 1324 749 1395; x_wconf 75' lang='lat' dir='ltr'><strong>abstergi</strong></span> <span class='ocrx_word' id='word_1_59' title='bbox 794 1336 913 1395; x_wconf 78' lang='lat' dir='ltr'><strong>spectent</strong></span> <span class='ocrx_word' id='word_1_60' title='bbox 922 1322 1013 1375; x_wconf 81' lang='lat' dir='ltr'><strong>omnia</strong></span> <span class='ocrx_word' id='word_1_61' title='bbox 1021 1321 1069 1375; x_wconf 82' lang='lat' dir='ltr'><strong>ista</strong></span> <span class='ocrx_word' id='word_1_62' title='bbox 1078 1320 1222 1373; x_wconf 78' lang='lat' dir='ltr'><strong>miracula?</strong></span> <span class='ocrx_word' id='word_1_63' title='bbox 1235 1322 1304 1387; x_wconf 87' lang='lat' dir='ltr'><strong>Hoc,</strong></span> 
     </span>
     <span class='ocr_line' id='line_1_9' title="bbox 240 1398 1306 1475; baseline 0.003 -24"><span class='ocrx_word' id='word_1_64' title='bbox 240 1398 294 1451; x_wconf 81' lang='lat' dir='ltr'><strong>illis</strong></span> <span class='ocrx_word' id='word_1_65' title='bbox 308 1411 405 1471; x_wconf 68' lang='lat' dir='ltr'><strong>potest,</strong></span> <span class='ocrx_word' id='word_1_66' title='bbox 426 1400 556 1453; x_wconf 68' lang='lat' dir='ltr'><strong>Ceterum</strong></span> <span class='ocrx_word' id='word_1_67' title='bbox 574 1402 611 1454; x_wconf 81' lang='lat' dir='ltr'><strong>ita</strong></span> <span class='ocrx_word' id='word_1_68' title='bbox 630 1403 750 1475; x_wconf 75' lang='lat' dir='ltr'><strong>intelligo</strong></span> <span class='ocrx_word' id='word_1_69' title='bbox 795 1415 826 1455; x_wconf 90' lang='lat' dir='ltr'><strong>ut</strong></span> <span class='ocrx_word' id='word_1_70' title='bbox 842 1421 893 1473; x_wconf 90' lang='lat' dir='ltr'><strong>pro</strong></span> <span class='ocrx_word' id='word_1_71' title='bbox 914 1402 1016 1455; x_wconf 82' lang='lat' dir='ltr'><strong>cunctis</strong></span> <span class='ocrx_word' id='word_1_72' title='bbox 1031 1398 1103 1453; x_wconf 85' lang='lat' dir='ltr'><strong>aliud</strong></span> <span class='ocrx_word' id='word_1_73' title='bbox 1119 1418 1201 1465; x_wconf 84' lang='lat' dir='ltr'><strong>esses,</strong></span> <span class='ocrx_word' id='word_1_74' title='bbox 1221 1414 1306 1471; x_wconf 91' lang='lat' dir='ltr'><strong>prout</strong></span> 
     </span>
     <span class='ocr_line' id='line_1_10' title="bbox 239 1478 1306 1553; baseline 0.004 -24"><span class='ocrx_word' id='word_1_75' title='bbox 239 1496 269 1529; x_wconf 77' lang='grc' dir='ltr'><strong>ν.</strong></span> <span class='ocrx_word' id='word_1_76' title='bbox 283 1480 318 1531; x_wconf 79' lang='lat'><strong>2⁵</strong></span> <span class='ocrx_word' id='word_1_77' title='bbox 331 1491 357 1532; x_wconf 88' lang='lat' dir='ltr'><strong>et</strong></span> <span class='ocrx_word' id='word_1_78' title='bbox 371 1482 546 1551; x_wconf 74' lang='lat' dir='ltr'><strong>262Purgatr&#39;s</strong></span> <span class='ocrx_word' id='word_1_79' title='bbox 552 1484 608 1551; x_wconf 84' lang='lat' dir='ltr'><strong>jem</strong></span> <span class='ocrx_word' id='word_1_80' title='bbox 618 1500 633 1534; x_wconf 84' lang='lat' dir='ltr'><strong>a</strong></span> <span class='ocrx_word' id='word_1_81' title='bbox 645 1482 751 1536; x_wconf 76' lang='lat' dir='ltr'><strong>miseria</strong></span> <span class='ocrx_word' id='word_1_82' title='bbox 795 1482 909 1553; x_wconf 81' lang='lat' dir='ltr'><strong>quiaque</strong></span> <span class='ocrx_word' id='word_1_83' title='bbox 925 1481 1018 1543; x_wconf 83' lang='lat' dir='ltr'><strong>Patre,</strong></span> <span class='ocrx_word' id='word_1_84' title='bbox 1039 1478 1232 1551; x_wconf 82' lang='lat' dir='ltr'><strong>Redemptore‚</strong></span> <span class='ocrx_word' id='word_1_85' title='bbox 1244 1480 1306 1552; x_wconf 89' lang='lat' dir='ltr'><strong>Spi-</strong></span> 
     </span>
     <span class='ocr_line' id='line_1_11' title="bbox 241 1559 1071 1634; baseline 0.002 -23"><span class='ocrx_word' id='word_1_86' title='bbox 241 1576 288 1611; x_wconf 82' lang='lat' dir='ltr'><strong>sua</strong></span> <span class='ocrx_word' id='word_1_87' title='bbox 299 1562 367 1611; x_wconf 76' lang='lat' dir='ltr'><strong>terris</strong></span> <span class='ocrx_word' id='word_1_88' title='bbox 379 1578 472 1612; x_wconf 84' lang='lat' dir='ltr'><strong>rursus</strong></span> <span class='ocrx_word' id='word_1_89' title='bbox 486 1559 581 1614; x_wconf 88' lang='lat' dir='ltr'><strong>ordine</strong></span> <span class='ocrx_word' id='word_1_90' title='bbox 593 1574 692 1615; x_wconf 80' lang='lat' dir='ltr'><strong>eterno</strong></span> <span class='ocrx_word' id='word_1_91' title='bbox 702 1580 751 1634; x_wconf 85' lang='lat' dir='ltr'><strong>per</strong></span> <span class='ocrx_word' id='word_1_92' title='bbox 794 1562 849 1615; x_wconf 91' lang='lat' dir='ltr'><strong>ritu</strong></span> <span class='ocrx_word' id='word_1_93' title='bbox 865 1580 934 1634; x_wconf 86' lang='lat' dir='ltr'><strong>opus</strong></span> <span class='ocrx_word' id='word_1_94' title='bbox 950 1560 1071 1613; x_wconf 82' lang='lat' dir='ltr'><strong>haberet.</strong></span> 
     </span>
    </p>

    <p class='ocr_par' dir='ltr' id='par_1_8' title="bbox 241 1636 1304 1792">
     <span class='ocr_line' id='line_1_12' title="bbox 241 1636 1304 1711; baseline 0.002 -22"><span class='ocrx_word' id='word_1_95' title='bbox 241 1636 418 1708; x_wconf 83' lang='lat' dir='ltr'><strong>Evangelium</strong></span> <span class='ocrx_word' id='word_1_96' title='bbox 430 1640 574 1693; x_wconf 86' lang='lat' dir='ltr'><strong>constituto</strong></span> <span class='ocrx_word' id='word_1_97' title='bbox 586 1640 679 1695; x_wconf 81' lang='lat' dir='ltr'><strong>adimis</strong></span> <span class='ocrx_word' id='word_1_98' title='bbox 689 1661 752 1695; x_wconf 89' lang='lat' dir='ltr'><strong>oon·</strong></span> <span class='ocrx_word' id='word_1_99' title='bbox 836 1641 881 1695; x_wconf 85' lang='lat'><strong>30.</strong></span> <span class='ocrx_word' id='word_1_100' title='bbox 891 1640 964 1693; x_wconf 81' lang='lat' dir='ltr'><strong>Finis</strong></span> <span class='ocrx_word' id='word_1_101' title='bbox 971 1639 1112 1711; x_wconf 81' lang='lat' dir='ltr'><strong>abruptior</strong></span> <span class='ocrx_word' id='word_1_102' title='bbox 1123 1639 1304 1711; x_wconf 80' lang='lat' dir='ltr'><strong>suspicionem</strong></span> 
     </span>
     <span class='ocr_line' id='line_1_13' title="bbox 244 1717 1302 1792; baseline 0.004 -24"><span class='ocrx_word' id='word_1_103' title='bbox 244 1717 327 1787; x_wconf 77' lang='lat' dir='ltr'><strong>tregia,</strong></span> <span class='ocrx_word' id='word_1_104' title='bbox 338 1718 361 1769; x_wconf 87' lang='lat' dir='ltr'><strong>si</strong></span> <span class='ocrx_word' id='word_1_105' title='bbox 373 1736 426 1789; x_wconf 83' lang='lat' dir='ltr'><strong>qua</strong></span> <span class='ocrx_word' id='word_1_106' title='bbox 437 1718 471 1772; x_wconf 91' lang='lat' dir='ltr'><strong>de</strong></span> <span class='ocrx_word' id='word_1_107' title='bbox 481 1738 553 1772; x_wconf 85' lang='lat' dir='ltr'><strong>novo</strong></span> <span class='ocrx_word' id='word_1_108' title='bbox 563 1721 729 1775; x_wconf 77' lang='lat' dir='ltr'><strong>contrahent.</strong></span> <span class='ocrx_word' id='word_1_109' title='bbox 794 1720 908 1792; x_wconf 72' lang='lat' dir='ltr'><strong>prebuit</strong></span> <span class='ocrx_word' id='word_1_110' title='bbox 928 1718 1074 1790; x_wconf 73' lang='lat' dir='ltr'><strong>scaligero,</strong></span> <span class='ocrx_word' id='word_1_111' title='bbox 1094 1736 1142 1771; x_wconf 89' lang='lat' dir='ltr'><strong>nos</strong></span> <span class='ocrx_word' id='word_1_112' title='bbox 1159 1737 1215 1771; x_wconf 92' lang='lat' dir='ltr'><strong>non</strong></span> <span class='ocrx_word' id='word_1_113' title='bbox 1231 1720 1302 1772; x_wconf 88' lang='lat' dir='ltr'><strong>inte·</strong></span> 
     </span>
    </p>

    <p class='ocr_par' dir='ltr' id='par_1_9' title="bbox 284 1795 1222 1871">
     <span class='ocr_line' id='line_1_14' title="bbox 284 1795 1222 1871; baseline 0.004 -24"><span class='ocrx_word' id='word_1_114' title='bbox 284 1795 550 1868; x_wconf 77' lang='lat' dir='ltr'><strong>27.Spr&#39;n&#39;ttramsoas‚</strong></span> <span class='ocrx_word' id='word_1_115' title='bbox 564 1800 657 1855; x_wconf 83' lang='lat' dir='ltr'><strong>Barth.</strong></span> <span class='ocrx_word' id='word_1_116' title='bbox 732 1809 736 1817; x_wconf 87' lang='lat'>&#39;</span> <span class='ocrx_word' id='word_1_117' title='bbox 794 1819 872 1871; x_wconf 87' lang='lat' dir='ltr'><strong>grum</strong></span> <span class='ocrx_word' id='word_1_118' title='bbox 884 1800 982 1855; x_wconf 82' lang='lat' dir='ltr'><strong>habere</strong></span> <span class='ocrx_word' id='word_1_119' title='bbox 994 1800 1070 1852; x_wconf 89' lang='lat' dir='ltr'><strong>hunc</strong></span> <span class='ocrx_word' id='word_1_120' title='bbox 1082 1798 1222 1871; x_wconf 81' lang='lat' dir='ltr'><strong>hymnum.</strong></span> 
     </span>
    </p>
   </div>
   <div class='ocr_carea' id='block_1_4' title="bbox 242 1995 1307 2029">
    <p class='ocr_par' dir='ltr' id='par_1_10' title="bbox 242 1995 1307 2029">
     <span class='ocr_line' id='line_1_15' title="bbox 242 1995 1307 2029; baseline 0 -13"><span class='ocrx_word' id='word_1_121' title='bbox 242 1995 941 2029; x_wconf 51' lang='lat' dir='ltr'><strong>mmmmmmumwwumsum</strong></span> <span class='ocrx_word' id='word_1_122' title='bbox 1170 1996 1307 2017; x_wconf 66' lang='lat' dir='ltr'><strong>mmm</strong></span> 
     </span>
    </p>
   </div>
   <div class='ocr_carea' id='block_1_5' title="bbox 703 2189 841 2255">
    <p class='ocr_par' dir='ltr' id='par_1_11' title="bbox 703 2189 841 2255">
     <span class='ocr_line' id='line_1_16' title="bbox 703 2189 841 2255; baseline -0.014 0"><span class='ocrx_word' id='word_1_123' title='bbox 703 2189 841 2255; x_wconf 85' lang='lat' dir='ltr'><strong>XCIX.</strong></span> 
     </span>
    </p>
   </div>
   <div class='ocr_carea' id='block_1_6' title="bbox 480 2362 1067 2465">
    <p class='ocr_par' dir='ltr' id='par_1_12' title="bbox 480 2362 1067 2465">
     <span class='ocr_line' id='line_1_17' title="bbox 480 2362 1067 2465; baseline -0.003 -24"><span class='ocrx_word' id='word_1_124' title='bbox 480 2396 587 2441; x_wconf 81' lang='lat' dir='ltr'><strong>xnrx.</strong></span> <span class='ocrx_word' id='word_1_125' title='bbox 616 2394 834 2465; x_wconf 69' lang='lat' dir='ltr'><strong>urnacuna</strong></span> <span class='ocrx_word' id='word_1_126' title='bbox 862 2362 1067 2440; x_wconf 66' lang='lat' dir='ltr'><strong>orruisse*</strong></span> 
     </span>
    </p>
   </div>
   <div class='ocr_carea' id='block_1_7' title="bbox 244 2509 1198 2759">
    <p class='ocr_par' dir='ltr' id='par_1_13' title="bbox 244 2509 1198 2759">
     <span class='ocr_line' id='line_1_18' title="bbox 244 2509 1198 2652; baseline -0.005 -24"><span class='ocrx_word' id='word_1_127' title='bbox 244 2509 467 2629; x_wconf 76' lang='lat' dir='ltr'><strong>Auernus</strong></span> <span class='ocrx_word' id='word_1_128' title='bbox 485 2557 662 2652; x_wconf 87' lang='lat' dir='ltr'><strong>alloquitur</strong></span> <span class='ocrx_word' id='word_1_129' title='bbox 678 2557 843 2643; x_wconf 85' lang='lat' dir='ltr'><strong>Mariam,</strong></span> <span class='ocrx_word' id='word_1_130' title='bbox 861 2581 928 2650; x_wconf 90' lang='lat' dir='ltr'><strong>quo</strong></span> <span class='ocrx_word' id='word_1_131' title='bbox 944 2555 1079 2651; x_wconf 83' lang='lat' dir='ltr'><strong>praescia</strong></span> <span class='ocrx_word' id='word_1_132' title='bbox 1097 2555 1198 2624; x_wconf 87' lang='lat' dir='ltr'><strong>verbo</strong></span> 
     </span>
     <span class='ocr_line' id='line_1_19' title="bbox 295 2663 961 2759; baseline -0.005 -27"><span class='ocrx_word' id='word_1_133' title='bbox 295 2664 488 2758; x_wconf 79' lang='lat' dir='ltr'><strong>Concipiet,</strong></span> <span class='ocrx_word' id='word_1_134' title='bbox 505 2663 596 2733; x_wconf 87' lang='lat' dir='ltr'><strong>salva</strong></span> <span class='ocrx_word' id='word_1_135' title='bbox 612 2665 821 2759; x_wconf 87' lang='lat' dir='ltr'><strong>virginitate,</strong></span> <span class='ocrx_word' id='word_1_136' title='bbox 840 2665 961 2732; x_wconf 89' lang='lat' dir='ltr'><strong>Deum.</strong></span> 
     </span>
    </p>
   </div>
   <div class='ocr_carea' id='block_1_8' title="bbox 240 2794 1220 2998">
    <p class='ocr_par' dir='ltr' id='par_1_14' title="bbox 240 2794 1220 2998">
     <span class='ocr_line' id='line_1_20' title="bbox 240 2794 1084 2890; baseline 0.001 -27"><span class='ocrx_word' id='word_1_137' title='bbox 240 2797 334 2863; x_wconf 85' lang='lat' dir='ltr'><strong>Dant</strong></span> <span class='ocrx_word' id='word_1_138' title='bbox 350 2795 408 2862; x_wconf 91' lang='lat' dir='ltr'><strong>tihi</strong></span> <span class='ocrx_word' id='word_1_139' title='bbox 427 2794 574 2864; x_wconf 77' lang='lat' dir='ltr'><strong>Chaldaei</strong></span> <span class='ocrx_word' id='word_1_140' title='bbox 593 2797 778 2890; x_wconf 71' lang='lat' dir='ltr'><strong>praenuntia</strong></span> <span class='ocrx_word' id='word_1_141' title='bbox 799 2819 937 2864; x_wconf 91' lang='lat' dir='ltr'><strong>munera</strong></span> <span class='ocrx_word' id='word_1_142' title='bbox 956 2797 1084 2890; x_wconf 82' lang='lat' dir='ltr'><strong>Reges3</strong></span> 
     </span>
     <span class='ocr_line' id='line_1_21' title="bbox 292 2900 1220 2998; baseline -0.001 -31"><span class='ocrx_word' id='word_1_143' title='bbox 292 2900 466 2994; x_wconf 76' lang='lat' dir='ltr'><strong>Myrrham</strong></span> <span class='ocrx_word' id='word_1_144' title='bbox 485 2901 610 2998; x_wconf 92' lang='lat' dir='ltr'><strong>homo,</strong></span> <span class='ocrx_word' id='word_1_145' title='bbox 630 2926 688 2970; x_wconf 84' lang='lat' dir='ltr'><strong>rex</strong></span> <span class='ocrx_word' id='word_1_146' title='bbox 709 2925 851 2986; x_wconf 90' lang='lat' dir='ltr'><strong>aurum,</strong></span> <span class='ocrx_word' id='word_1_147' title='bbox 873 2903 1000 2996; x_wconf 92' lang='lat' dir='ltr'><strong>suscipe</strong></span> <span class='ocrx_word' id='word_1_148' title='bbox 1023 2916 1096 2969; x_wconf 91' lang='lat' dir='ltr'><strong>tura</strong></span> <span class='ocrx_word' id='word_1_149' title='bbox 1119 2901 1220 2968; x_wconf 88' lang='lat' dir='ltr'><strong>Deus.</strong></span> 
     </span>
    </p>
   </div>
   <div class='ocr_carea' id='block_1_9' title="bbox 238 3032 1305 3235">
    <p class='ocr_par' dir='ltr' id='par_1_15' title="bbox 238 3032 1305 3235">
     <span class='ocr_line' id='line_1_22' title="bbox 238 3032 1305 3128; baseline -0.002 -26"><span class='ocrx_word' id='word_1_150' title='bbox 238 3035 411 3102; x_wconf 89' lang='lat' dir='ltr'><strong>Permutat</strong></span> <span class='ocrx_word' id='word_1_151' title='bbox 431 3032 581 3128; x_wconf 86' lang='lat' dir='ltr'><strong>lymphas</strong></span> <span class='ocrx_word' id='word_1_152' title='bbox 599 3035 632 3102; x_wconf 93' lang='lat' dir='ltr'><strong>in</strong></span> <span class='ocrx_word' id='word_1_153' title='bbox 654 3037 731 3102; x_wconf 87' lang='lat' dir='ltr'><strong>vina</strong></span> <span class='ocrx_word' id='word_1_154' title='bbox 749 3034 906 3128; x_wconf 88' lang='lat' dir='ltr'><strong>liquentia</strong></span> <span class='ocrx_word' id='word_1_155' title='bbox 922 3035 1093 3120; x_wconf 90' lang='lat' dir='ltr'><strong>Christus,</strong></span> <span class='ocrx_word' id='word_1_156' title='bbox 1293 3063 1305 3100; x_wconf 84' lang='lat' dir='ltr'><strong>s</strong></span> 
     </span>
     <span class='ocr_line' id='line_1_23' title="bbox 291 3139 1054 3235; baseline 0.001 -28"><span class='ocrx_word' id='word_1_157' title='bbox 291 3140 370 3228; x_wconf 91' lang='lat' dir='ltr'><strong>Quo</strong></span> <span class='ocrx_word' id='word_1_158' title='bbox 384 3140 528 3235; x_wconf 85' lang='lat' dir='ltr'><strong>primum</strong></span> <span class='ocrx_word' id='word_1_159' title='bbox 546 3139 635 3209; x_wconf 86' lang='lat' dir='ltr'><strong>facto</strong></span> <span class='ocrx_word' id='word_1_160' title='bbox 652 3166 687 3211; x_wconf 91' lang='lat' dir='ltr'><strong>se</strong></span> <span class='ocrx_word' id='word_1_161' title='bbox 704 3141 827 3235; x_wconf 88' lang='lat' dir='ltr'><strong>probat</strong></span> <span class='ocrx_word' id='word_1_162' title='bbox 844 3165 915 3210; x_wconf 89' lang='lat' dir='ltr'><strong>esse</strong></span> <span class='ocrx_word' id='word_1_163' title='bbox 933 3142 1054 3208; x_wconf 90' lang='lat' dir='ltr'><strong>Deum.</strong></span> 
     </span>
    </p>
   </div>
   <div class='ocr_carea' id='block_1_10' title="bbox 238 3269 1220 3474">
    <p class='ocr_par' dir='ltr' id='par_1_16' title="bbox 238 3269 1220 3474">
     <span class='ocr_line' id='line_1_24' title="bbox 238 3269 1220 3366; baseline 0 -29"><span class='ocrx_word' id='word_1_164' title='bbox 238 3270 396 3364; x_wconf 86' lang='lat' dir='ltr'><strong>Quinque</strong></span> <span class='ocrx_word' id='word_1_165' title='bbox 412 3269 545 3366; x_wconf 84' lang='lat' dir='ltr'><strong>explent</strong></span> <span class='ocrx_word' id='word_1_166' title='bbox 561 3296 683 3365; x_wconf 91' lang='lat' dir='ltr'><strong>panes,</strong></span> <span class='ocrx_word' id='word_1_167' title='bbox 701 3274 809 3366; x_wconf 89' lang='lat' dir='ltr'><strong>pisces</strong></span> <span class='ocrx_word' id='word_1_168' title='bbox 828 3271 915 3357; x_wconf 92' lang='lat' dir='ltr'><strong>duo,</strong></span> <span class='ocrx_word' id='word_1_169' title='bbox 935 3269 1037 3339; x_wconf 89' lang='lat' dir='ltr'><strong>millia</strong></span> <span class='ocrx_word' id='word_1_170' title='bbox 1054 3271 1220 3365; x_wconf 82' lang='lat' dir='ltr'><strong>quinque:</strong></span> 
     </span>
     <span class='ocr_line' id='line_1_25' title="bbox 290 3375 1017 3474; baseline -0.003 -30"><span class='ocrx_word' id='word_1_171' title='bbox 290 3378 334 3444; x_wconf 88' lang='lat' dir='ltr'><strong>Iit</strong></span> <span class='ocrx_word' id='word_1_172' title='bbox 349 3379 442 3445; x_wconf 91' lang='lat' dir='ltr'><strong>Deus</strong></span> <span class='ocrx_word' id='word_1_173' title='bbox 458 3402 499 3445; x_wconf 83' lang='lat' dir='ltr'><strong>ex</strong></span> <span class='ocrx_word' id='word_1_174' title='bbox 517 3401 621 3471; x_wconf 88' lang='lat' dir='ltr'><strong>parvo</strong></span> <span class='ocrx_word' id='word_1_175' title='bbox 637 3377 712 3473; x_wconf 89' lang='lat' dir='ltr'><strong>plus</strong></span> <span class='ocrx_word' id='word_1_176' title='bbox 728 3402 898 3474; x_wconf 87' lang='lat' dir='ltr'><strong>superesse</strong></span> <span class='ocrx_word' id='word_1_177' title='bbox 913 3375 1017 3470; x_wconf 87' lang='lat' dir='ltr'><strong>jubet.</strong></span> 
     </span>
    </p>
   </div>
   <div class='ocr_carea' id='block_1_11' title="bbox 236 3507 1041 3711">
    <p class='ocr_par' dir='ltr' id='par_1_17' title="bbox 236 3507 1041 3711">
     <span class='ocr_line' id='line_1_26' title="bbox 236 3507 1041 3594; baseline 0 -18"><span class='ocrx_word' id='word_1_178' title='bbox 236 3507 353 3577; x_wconf 90' lang='lat' dir='ltr'><strong>Editus</strong></span> <span class='ocrx_word' id='word_1_179' title='bbox 370 3533 410 3577; x_wconf 85' lang='lat' dir='ltr'><strong>ex</strong></span> <span class='ocrx_word' id='word_1_180' title='bbox 426 3524 522 3579; x_wconf 89' lang='lat' dir='ltr'><strong>utero</strong></span> <span class='ocrx_word' id='word_1_181' title='bbox 541 3537 647 3581; x_wconf 87' lang='lat' dir='ltr'><strong>caecus</strong></span> <span class='ocrx_word' id='word_1_182' title='bbox 667 3536 757 3581; x_wconf 90' lang='lat' dir='ltr'><strong>nova</strong></span> <span class='ocrx_word' id='word_1_183' title='bbox 777 3510 902 3578; x_wconf 90' lang='lat' dir='ltr'><strong>lumina</strong></span> <span class='ocrx_word' id='word_1_184' title='bbox 923 3509 1041 3594; x_wconf 90' lang='lat' dir='ltr'><strong>sensit,</strong></span> 
     </span>
     <span class='ocr_line' id='line_1_27' title="bbox 286 3615 981 3711; baseline -0.001 -28"><span class='ocrx_word' id='word_1_185' title='bbox 286 3618 331 3684; x_wconf 91' lang='lat' dir='ltr'><strong>Et</strong></span> <span class='ocrx_word' id='word_1_186' title='bbox 352 3629 464 3711; x_wconf 87' lang='lat' dir='ltr'><strong>stupet</strong></span> <span class='ocrx_word' id='word_1_187' title='bbox 480 3618 631 3711; x_wconf 87' lang='lat' dir='ltr'><strong>ignotum</strong></span> <span class='ocrx_word' id='word_1_188' title='bbox 650 3642 685 3686; x_wconf 94' lang='lat' dir='ltr'><strong>se</strong></span> <span class='ocrx_word' id='word_1_189' title='bbox 703 3617 862 3686; x_wconf 91' lang='lat' dir='ltr'><strong>meruisse</strong></span> <span class='ocrx_word' id='word_1_190' title='bbox 883 3615 981 3684; x_wconf 87' lang='lat' dir='ltr'><strong>diem.</strong></span> 
     </span>
    </p>
   </div>
   <div class='ocr_carea' id='block_1_12' title="bbox 230 3796 1302 4202">
    <p class='ocr_par' dir='ltr' id='par_1_18' title="bbox 230 3796 1302 4202">
     <span class='ocr_line' id='line_1_28' title="bbox 272 3796 1300 3874; baseline -0.002 -18"><span class='ocrx_word' id='word_1_191' title='bbox 272 3796 284 3819; x_wconf 80' lang='lat'>&#39;</span> <span class='ocrx_word' id='word_1_192' title='bbox 304 3803 403 3859; x_wconf 80' lang='lat' dir='ltr'><strong>Similis</strong></span> <span class='ocrx_word' id='word_1_193' title='bbox 426 3806 471 3859; x_wconf 91' lang='lat' dir='ltr'><strong>hic</strong></span> <span class='ocrx_word' id='word_1_194' title='bbox 492 3806 597 3859; x_wconf 83' lang='lat' dir='ltr'><strong>libellus</strong></span> <span class='ocrx_word' id='word_1_195' title='bbox 620 3803 741 3858; x_wconf 86' lang='lat' dir='ltr'><strong>Pruden·</strong></span> <span class='ocrx_word' id='word_1_196' title='bbox 785 3801 911 3874; x_wconf 86' lang='lat' dir='ltr'><strong>quodque</strong></span> <span class='ocrx_word' id='word_1_197' title='bbox 925 3815 1011 3856; x_wconf 89' lang='lat' dir='ltr'><strong>toturn</strong></span> <span class='ocrx_word' id='word_1_198' title='bbox 1025 3813 1052 3855; x_wconf 84' lang='lat' dir='ltr'><strong>et</strong></span> <span class='ocrx_word' id='word_1_199' title='bbox 1067 3801 1218 3855; x_wconf 81' lang='lat' dir='ltr'><strong>ahsolutum</strong></span> <span class='ocrx_word' id='word_1_200' title='bbox 1235 3820 1300 3856; x_wconf 81' lang='lat' dir='ltr'><strong>esse.</strong></span> 
     </span>
     <span class='ocr_line' id='line_1_29' title="bbox 233 3879 1302 3956; baseline 0.005 -27"><span class='ocrx_word' id='word_1_201' title='bbox 233 3880 667 3956; x_wconf 78' lang='lat' dir='ltr'><strong>tianoEnehiridioeeuDiptyclrie</strong></span> <span class='ocrx_word' id='word_1_202' title='bbox 677 3901 684 3936; x_wconf 96' lang='lat'>:</span> <span class='ocrx_word' id='word_1_203' title='bbox 693 3882 741 3936; x_wconf 84' lang='lat' dir='ltr'><strong>sed</strong></span> <span class='ocrx_word' id='word_1_204' title='bbox 785 3883 917 3936; x_wconf 73' lang='lat' dir='ltr'><strong>Ceterum</strong></span> <span class='ocrx_word' id='word_1_205' title='bbox 931 3879 1039 3934; x_wconf 81' lang='lat' dir='ltr'><strong>ridetur</strong></span> <span class='ocrx_word' id='word_1_206' title='bbox 1051 3881 1104 3934; x_wconf 88' lang='lat' dir='ltr'><strong>hoc</strong></span> <span class='ocrx_word' id='word_1_207' title='bbox 1120 3881 1302 3952; x_wconf 81' lang='lat' dir='ltr'><strong>fragmentum</strong></span> 
     </span>
     <span class='ocr_line' id='line_1_30' title="bbox 231 3958 1302 4034; baseline 0.005 -25"><span class='ocrx_word' id='word_1_208' title='bbox 231 3958 260 4010; x_wconf 93' lang='lat' dir='ltr'><strong>in</strong></span> <span class='ocrx_word' id='word_1_209' title='bbox 276 3961 408 4016; x_wconf 75' lang='lat' dir='ltr'><strong>brevitate</strong></span> <span class='ocrx_word' id='word_1_210' title='bbox 423 3964 467 4019; x_wconf 83' lang='lat' dir='ltr'><strong>illa</strong></span> <span class='ocrx_word' id='word_1_211' title='bbox 482 3964 606 4018; x_wconf 81' lang='lat' dir='ltr'><strong>disertior</strong></span> <span class='ocrx_word' id='word_1_212' title='bbox 618 3963 739 4034; x_wconf 85' lang='lat' dir='ltr'><strong>ingenio-</strong></span> <span class='ocrx_word' id='word_1_213' title='bbox 783 3959 865 4015; x_wconf 87' lang='lat' dir='ltr'><strong>modo</strong></span> <span class='ocrx_word' id='word_1_214' title='bbox 877 3981 933 4016; x_wconf 82' lang='lat' dir='ltr'><strong>esse</strong></span> <span class='ocrx_word' id='word_1_215' title='bbox 946 3961 1072 4032; x_wconf 74' lang='lat' dir='ltr'><strong>longioris</strong></span> <span class='ocrx_word' id='word_1_216' title='bbox 1089 3960 1231 4032; x_wconf 79' lang='lat' dir='ltr'><strong>opusculi,</strong></span> <span class='ocrx_word' id='word_1_217' title='bbox 1246 3979 1302 4032; x_wconf 91' lang='lat' dir='ltr'><strong>quo</strong></span> 
     </span>
     <span class='ocr_line' id='line_1_31' title="bbox 230 4038 1301 4114; baseline 0 -22"><span class='ocrx_word' id='word_1_218' title='bbox 230 4038 346 4108; x_wconf 75' lang='lat' dir='ltr'><strong>sintque.</strong></span> <span class='ocrx_word' id='word_1_219' title='bbox 360 4041 510 4112; x_wconf 78' lang='lat' dir='ltr'><strong>separanda</strong></span> <span class='ocrx_word' id='word_1_220' title='bbox 520 4043 610 4097; x_wconf 83' lang='lat' dir='ltr'><strong>curavi</strong></span> <span class='ocrx_word' id='word_1_221' title='bbox 623 4043 741 4114; x_wconf 74' lang='lat' dir='ltr'><strong>aliquan·</strong></span> <span class='ocrx_word' id='word_1_222' title='bbox 783 4041 832 4094; x_wconf 74' lang='lat' dir='ltr'><strong>alia</strong></span> <span class='ocrx_word' id='word_1_223' title='bbox 843 4040 1082 4112; x_wconf 83' lang='lat' dir='ltr'><strong>quoquemiracule</strong></span> <span class='ocrx_word' id='word_1_224' title='bbox 1089 4040 1197 4094; x_wconf 89' lang='lat' dir='ltr'><strong>Domini</strong></span> <span class='ocrx_word' id='word_1_225' title='bbox 1211 4041 1301 4092; x_wconf 85' lang='lat' dir='ltr'><strong>nostri</strong></span> 
     </span>
     <span class='ocr_line' id='line_1_32' title="bbox 230 4117 1094 4202; baseline 0.003 -34"><span class='ocrx_word' id='word_1_226' title='bbox 230 4127 289 4168; x_wconf 86' lang='lat' dir='ltr'><strong>tum</strong></span> <span class='ocrx_word' id='word_1_227' title='bbox 305 4117 434 4187; x_wconf 82' lang='lat' dir='ltr'><strong>disticha,</strong></span> <span class='ocrx_word' id='word_1_228' title='bbox 446 4135 477 4175; x_wconf 92' lang='lat' dir='ltr'><strong>ut</strong></span> <span class='ocrx_word' id='word_1_229' title='bbox 489 4121 637 4183; x_wconf 85' lang='lat' dir='ltr'><strong>indicetur,</strong></span> <span class='ocrx_word' id='word_1_230' title='bbox 652 4140 738 4175; x_wconf 86' lang='lat' dir='ltr'><strong>unum</strong></span> <span class='ocrx_word' id='word_1_231' title='bbox 783 4121 864 4174; x_wconf 82' lang='lat' dir='ltr'><strong>Poeta</strong></span> <span class='ocrx_word' id='word_1_232' title='bbox 878 4131 1033 4202; x_wconf 83' lang='lat' dir='ltr'><strong>prosecutus</strong></span> <span class='ocrx_word' id='word_1_233' title='bbox 1047 4131 1094 4172; x_wconf 88' lang='lat' dir='ltr'><strong>est.</strong></span> 
     </span>
    </p>
   </div>
   <div class='ocr_carea' id='block_1_13' title="bbox 0 0 1522 4900">
    <p class='ocr_par' dir='ltr' id='par_1_19' title="bbox 0 0 1522 4900">
     <span class='ocr_line' id='line_1_33' title="bbox 0 0 1522 4900; baseline 0 7"><span class='ocrx_word' id='word_1_234' title='bbox 0 0 1522 4900; x_wconf 95' lang='lat' dir='ltr'><strong> </strong></span> 
     </span>
    </p>
   </div>
  </div>
 </body>
</html>
