<?xml version="1.0" encoding="UTF-8"?>
<!DOCTYPE html PUBLIC "-//W3C//DTD XHTML 1.0 Transitional//EN"
    "http://www.w3.org/TR/xhtml1/DTD/xhtml1-transitional.dtd">
<html xmlns="http://www.w3.org/1999/xhtml" xml:lang="en" lang="en">
 <head>
  <title>
</title>
<meta http-equiv="Content-Type" content="text/html;charset=utf-8" />
  <meta name='ocr-system' content='tesseract 3.04.00' />
  <meta name='ocr-capabilities' content='ocr_page ocr_carea ocr_par ocr_line ocrx_word'/>
</head>
<body>
  <div class='ocr_page' id='page_1' title='image "./claudiiclaudian01artagoog_0292.png"; bbox 0 0 3034 4900; ppageno 0'>
   <div class='ocr_carea' id='block_1_1' title="bbox 239 517 1079 611">
    <p class='ocr_par' dir='ltr' id='par_1_1' title="bbox 239 517 1079 611">
     <span class='ocr_line' id='line_1_1' title="bbox 239 517 1079 611; baseline -0.002 -25"><span class='ocrx_word' id='word_1_1' title='bbox 239 517 312 611; x_wconf 79' lang='lat'>278</span> <span class='ocrx_word' id='word_1_2' title='bbox 455 517 530 585; x_wconf 82' lang='lat' dir='ltr'>CL</span> <span class='ocrx_word' id='word_1_3' title='bbox 559 517 864 584; x_wconf 82' lang='lat' dir='ltr'><strong>CLAUDIANI</strong></span> <span class='ocrx_word' id='word_1_4' title='bbox 892 517 1079 585; x_wconf 82' lang='lat' dir='ltr'>xxxvl.</span> 
     </span>
    </p>
   </div>
   <div class='ocr_carea' id='block_1_2' title="bbox 237 647 1307 1700">
    <p class='ocr_par' dir='ltr' id='par_1_2' title="bbox 237 647 1302 954">
     <span class='ocr_line' id='line_1_2' title="bbox 237 647 1058 742; baseline -0.004 -26"><span class='ocrx_word' id='word_1_5' title='bbox 237 649 404 734; x_wconf 84' lang='lat' dir='ltr'>Parcitur,</span> <span class='ocrx_word' id='word_1_6' title='bbox 420 647 626 741; x_wconf 74' lang='lat' dir='ltr'>aetheriisque</span> <span class='ocrx_word' id='word_1_7' title='bbox 642 647 734 716; x_wconf 88' lang='lat' dir='ltr'>nelas</span> <span class='ocrx_word' id='word_1_8' title='bbox 749 650 899 717; x_wconf 88' lang='lat' dir='ltr'>nocuisse</span> <span class='ocrx_word' id='word_1_9' title='bbox 917 649 1058 742; x_wconf 79' lang='lat' dir='ltr'>tropaeis.</span> 
     </span>
     <span class='ocr_line' id='line_1_3' title="bbox 238 751 1302 846; baseline -0.006 -23"><span class='ocrx_word' id='word_1_10' title='bbox 238 759 376 823; x_wconf 88' lang='lat' dir='ltr'>Pascere</span> <span class='ocrx_word' id='word_1_11' title='bbox 391 752 500 824; x_wconf 90' lang='lat' dir='ltr'>nullus</span> <span class='ocrx_word' id='word_1_12' title='bbox 515 777 612 839; x_wconf 82' lang='lat' dir='ltr'>oves,</span> <span class='ocrx_word' id='word_1_13' title='bbox 628 778 690 822; x_wconf 91' lang='lat' dir='ltr'>nec</span> <span class='ocrx_word' id='word_1_14' title='bbox 706 754 828 822; x_wconf 86' lang='lat' dir='ltr'>robora</span> <span class='ocrx_word' id='word_1_15' title='bbox 844 753 961 823; x_wconf 84' lang='lat' dir='ltr'>laedere</span> <span class='ocrx_word' id='word_1_16' title='bbox 978 751 1122 846; x_wconf 90' lang='lat' dir='ltr'>Cyclops</span> <span class='ocrx_word' id='word_1_17' title='bbox 1263 779 1302 818; x_wconf 75' lang='lat' dir='ltr'>ns</span> 
     </span>
     <span class='ocr_line' id='line_1_4' title="bbox 240 858 1145 954; baseline -0.004 -25"><span class='ocrx_word' id='word_1_18' title='bbox 240 859 366 948; x_wconf 81' lang='lat' dir='ltr'>Audet,</span> <span class='ocrx_word' id='word_1_19' title='bbox 382 873 415 927; x_wconf 88' lang='lat' dir='ltr'>et</span> <span class='ocrx_word' id='word_1_20' title='bbox 430 859 499 954; x_wconf 89' lang='lat' dir='ltr'>ipse</span> <span class='ocrx_word' id='word_1_21' title='bbox 515 859 600 954; x_wconf 86' lang='lat' dir='ltr'>fugit</span> <span class='ocrx_word' id='word_1_22' title='bbox 615 883 708 928; x_wconf 90' lang='lat' dir='ltr'>sacra</span> <span class='ocrx_word' id='word_1_23' title='bbox 723 860 945 954; x_wconf 86' lang='lat' dir='ltr'><strong>Polyphemus</strong></span> <span class='ocrx_word' id='word_1_24' title='bbox 961 859 1003 928; x_wconf 88' lang='lat' dir='ltr'>ab</span> <span class='ocrx_word' id='word_1_25' title='bbox 1018 858 1145 926; x_wconf 79' lang='lat' dir='ltr'>umbra</span> 
     </span>
    </p>

    <p class='ocr_par' dir='ltr' id='par_1_3' title="bbox 243 964 1307 1591">
     <span class='ocr_line' id='line_1_5' title="bbox 295 964 1202 1038; baseline -0.004 -2"><span class='ocrx_word' id='word_1_26' title='bbox 295 968 374 1036; x_wconf 92' lang='lat' dir='ltr'>Non</span> <span class='ocrx_word' id='word_1_27' title='bbox 393 980 504 1035; x_wconf 92' lang='lat' dir='ltr'>tamen</span> <span class='ocrx_word' id='word_1_28' title='bbox 524 965 589 1036; x_wconf 88' lang='lat' dir='ltr'>hoc</span> <span class='ocrx_word' id='word_1_29' title='bbox 608 965 738 1036; x_wconf 87' lang='lat' dir='ltr'>tardata</span> <span class='ocrx_word' id='word_1_30' title='bbox 760 969 886 1038; x_wconf 87' lang='lat' dir='ltr'>Ceres:</span> <span class='ocrx_word' id='word_1_31' title='bbox 906 965 1097 1036; x_wconf 84' lang='lat' dir='ltr'>accenditur</span> <span class='ocrx_word' id='word_1_32' title='bbox 1113 964 1202 1033; x_wconf 89' lang='lat' dir='ltr'>ultro</span> 
     </span>
     <span class='ocr_line' id='line_1_6' title="bbox 243 1070 1034 1167; baseline 0 -26"><span class='ocrx_word' id='word_1_33' title='bbox 243 1070 425 1167; x_wconf 85' lang='lat' dir='ltr'>Relligione</span> <span class='ocrx_word' id='word_1_34' title='bbox 445 1071 529 1158; x_wconf 90' lang='lat' dir='ltr'>loci,</span> <span class='ocrx_word' id='word_1_35' title='bbox 542 1073 714 1167; x_wconf 84' lang='lat' dir='ltr'>vibratque</span> <span class='ocrx_word' id='word_1_36' title='bbox 733 1075 859 1144; x_wconf 91' lang='lat' dir='ltr'>incerta</span> <span class='ocrx_word' id='word_1_37' title='bbox 876 1075 1034 1159; x_wconf 84' lang='lat' dir='ltr'>securim,</span> 
     </span>
     <span class='ocr_line' id='line_1_7' title="bbox 244 1179 1147 1274; baseline 0 -28"><span class='ocrx_word' id='word_1_38' title='bbox 244 1181 361 1274; x_wconf 91' lang='lat' dir='ltr'>Ipsum</span> <span class='ocrx_word' id='word_1_39' title='bbox 380 1180 477 1248; x_wconf 93' lang='lat' dir='ltr'>etiam</span> <span class='ocrx_word' id='word_1_40' title='bbox 498 1203 558 1272; x_wconf 90' lang='lat' dir='ltr'>per</span> <span class='ocrx_word' id='word_1_41' title='bbox 570 1181 665 1248; x_wconf 86' lang='lat' dir='ltr'>itura</span> <span class='ocrx_word' id='word_1_42' title='bbox 681 1181 799 1248; x_wconf 80' lang='lat' dir='ltr'>lovem</span> <span class='ocrx_word' id='word_1_43' title='bbox 820 1207 828 1249; x_wconf 76' lang='grc' dir='ltr'><strong><em>ε</em></strong></span> <span class='ocrx_word' id='word_1_44' title='bbox 848 1179 1016 1250; x_wconf 85' lang='lat' dir='ltr'>succidere</span> <span class='ocrx_word' id='word_1_45' title='bbox 1034 1180 1147 1272; x_wconf 84' lang='lat' dir='ltr'>pinus,</span> 
     </span>
     <span class='ocr_line' id='line_1_8' title="bbox 248 1283 1307 1381; baseline -0.005 -29"><span class='ocrx_word' id='word_1_46' title='bbox 248 1287 292 1353; x_wconf 90' lang='lat' dir='ltr'>Et</span> <span class='ocrx_word' id='word_1_47' title='bbox 308 1286 413 1378; x_wconf 83' lang='lat' dir='ltr'>magis</span> <span class='ocrx_word' id='word_1_48' title='bbox 431 1283 553 1353; x_wconf 88' lang='lat' dir='ltr'>enodes</span> <span class='ocrx_word' id='word_1_49' title='bbox 571 1299 728 1378; x_wconf 81' lang='lat' dir='ltr'>properat</span> <span class='ocrx_word' id='word_1_50' title='bbox 745 1301 953 1381; x_wconf 85' lang='lat' dir='ltr'>prosternere</span> <span class='ocrx_word' id='word_1_51' title='bbox 972 1285 1105 1370; x_wconf 88' lang='lat' dir='ltr'>cedros,</span> <span class='ocrx_word' id='word_1_52' title='bbox 1267 1310 1307 1348; x_wconf 69' lang='lat'>³⁶0</span> 
     </span>
     <span class='ocr_line' id='line_1_9' title="bbox 248 1389 1103 1486; baseline 0.002 -28"><span class='ocrx_word' id='word_1_53' title='bbox 248 1389 471 1485; x_wconf 80' lang='lat' dir='ltr'>Exploretque</span> <span class='ocrx_word' id='word_1_54' title='bbox 488 1390 602 1459; x_wconf 92' lang='lat' dir='ltr'>obiens</span> <span class='ocrx_word' id='word_1_55' title='bbox 620 1405 775 1481; x_wconf 84' lang='lat' dir='ltr'>truncos,</span> <span class='ocrx_word' id='word_1_56' title='bbox 794 1394 938 1486; x_wconf 89' lang='lat' dir='ltr'>rectique</span> <span class='ocrx_word' id='word_1_57' title='bbox 955 1407 1103 1461; x_wconf 86' lang='lat' dir='ltr'>tenorem</span> 
     </span>
     <span class='ocr_line' id='line_1_10' title="bbox 248 1497 977 1591; baseline 0 -25"><span class='ocrx_word' id='word_1_58' title='bbox 248 1497 387 1591; x_wconf 85' lang='lat' dir='ltr'>Stipitis,</span> <span class='ocrx_word' id='word_1_59' title='bbox 401 1511 435 1564; x_wconf 90' lang='lat' dir='ltr'>et</span> <span class='ocrx_word' id='word_1_60' title='bbox 451 1511 542 1565; x_wconf 89' lang='lat' dir='ltr'>certo</span> <span class='ocrx_word' id='word_1_61' title='bbox 557 1511 731 1590; x_wconf 75' lang='lat' dir='ltr'>praetentat</span> <span class='ocrx_word' id='word_1_62' title='bbox 744 1499 881 1570; x_wconf 87' lang='lat' dir='ltr'>brachia</span> <span class='ocrx_word' id='word_1_63' title='bbox 895 1501 977 1568; x_wconf 90' lang='lat' dir='ltr'>nisu.</span> 
     </span>
    </p>

    <p class='ocr_par' dir='ltr' id='par_1_4' title="bbox 302 1601 1185 1700">
     <span class='ocr_line' id='line_1_11' title="bbox 302 1601 1185 1700; baseline 0 -30"><span class='ocrx_word' id='word_1_64' title='bbox 302 1603 372 1687; x_wconf 89' lang='lat' dir='ltr'>Sic,</span> <span class='ocrx_word' id='word_1_65' title='bbox 386 1604 443 1696; x_wconf 90' lang='lat' dir='ltr'>qui</span> <span class='ocrx_word' id='word_1_66' title='bbox 456 1616 627 1672; x_wconf 88' lang='lat' dir='ltr'>vecturam</span> <span class='ocrx_word' id='word_1_67' title='bbox 640 1601 821 1699; x_wconf 78' lang='lat' dir='ltr'>longinqua</span> <span class='ocrx_word' id='word_1_68' title='bbox 837 1631 896 1700; x_wconf 93' lang='lat' dir='ltr'>per</span> <span class='ocrx_word' id='word_1_69' title='bbox 913 1628 1045 1699; x_wconf 85' lang='lat' dir='ltr'>aequora</span> <span class='ocrx_word' id='word_1_70' title='bbox 1060 1625 1185 1672; x_wconf 88' lang='lat' dir='ltr'>merces</span> 
     </span>
    </p>
   </div>
   <div class='ocr_carea' id='block_1_3' title="bbox 252 1789 1320 4253">
    <p class='ocr_par' dir='ltr' id='par_1_5' title="bbox 252 1789 1320 4253">
     <span class='ocr_line' id='line_1_12' title="bbox 252 1789 1309 1863; baseline -0.002 -19"><span class='ocrx_word' id='word_1_71' title='bbox 252 1792 345 1863; x_wconf 72' lang='lat' dir='ltr'>¹⁶P¹¹⁰¹⁸</span> <span class='ocrx_word' id='word_1_72' title='bbox 354 1791 467 1858; x_wconf 76' lang='lat' dir='ltr'>saloim,</span> <span class='ocrx_word' id='word_1_73' title='bbox 480 1792 633 1844; x_wconf 73' lang='lat' dir='ltr'>nonensim</span> <span class='ocrx_word' id='word_1_74' title='bbox 645 1791 756 1846; x_wconf 78' lang='lat' dir='ltr'>damnu-</span> <span class='ocrx_word' id='word_1_75' title='bbox 800 1795 865 1846; x_wconf 80' lang='lat' dir='ltr'>irata</span> <span class='ocrx_word' id='word_1_76' title='bbox 884 1807 941 1858; x_wconf 80' lang='lat' dir='ltr'>ost,</span> <span class='ocrx_word' id='word_1_77' title='bbox 960 1805 991 1844; x_wconf 91' lang='lat' dir='ltr'>ut</span> <span class='ocrx_word' id='word_1_78' title='bbox 1007 1793 1095 1863; x_wconf 88' lang='lat' dir='ltr'>ipsum</span> <span class='ocrx_word' id='word_1_79' title='bbox 1117 1789 1247 1862; x_wconf 81' lang='lat' dir='ltr'>percutiat</span> <span class='ocrx_word' id='word_1_80' title='bbox 1261 1791 1309 1842; x_wconf 75' lang='lat' dir='ltr'>Jo-</span> 
     </span>
     <span class='ocr_line' id='line_1_13' title="bbox 252 1869 1079 1940; baseline 0 -16"><span class='ocrx_word' id='word_1_81' title='bbox 252 1891 292 1924; x_wconf 85' lang='lat' dir='ltr'>re.</span> <span class='ocrx_word' id='word_1_82' title='bbox 303 1871 372 1923; x_wconf 85' lang='lat' dir='ltr'>Nam</span> <span class='ocrx_word' id='word_1_83' title='bbox 385 1869 513 1940; x_wconf 69' lang='lat' dir='ltr'>significat</span> <span class='ocrx_word' id='word_1_84' title='bbox 526 1871 571 1924; x_wconf 90' lang='lat' dir='ltr'>hic</span> <span class='ocrx_word' id='word_1_85' title='bbox 579 1873 684 1939; x_wconf 78' lang='lat' dir='ltr'>fulcire,</span> <span class='ocrx_word' id='word_1_86' title='bbox 700 1891 757 1926; x_wconf 84' lang='lat' dir='ltr'>sus·</span> <span class='ocrx_word' id='word_1_87' title='bbox 800 1891 877 1935; x_wconf 83' lang='lat' dir='ltr'>vem,</span> <span class='ocrx_word' id='word_1_88' title='bbox 891 1873 914 1925; x_wconf 85' lang='lat' dir='ltr'>si</span> <span class='ocrx_word' id='word_1_89' title='bbox 929 1873 1023 1925; x_wconf 87' lang='lat' dir='ltr'>obstet.</span> <span class='ocrx_word' id='word_1_90' title='bbox 1031 1879 1079 1924; x_wconf 81' lang='lat' dir='ltr'>En.</span> 
     </span>
     <span class='ocr_line' id='line_1_14' title="bbox 253 1947 1310 2022; baseline -0.003 -18"><span class='ocrx_word' id='word_1_91' title='bbox 253 1951 338 2004; x_wconf 84' lang='lat' dir='ltr'>tinere</span> <span class='ocrx_word' id='word_1_92' title='bbox 352 1989 361 2014; x_wconf 90' lang='lat'>‚</span> <span class='ocrx_word' id='word_1_93' title='bbox 374 1948 505 2022; x_wconf 76' lang='lat' dir='ltr'>impedire</span> <span class='ocrx_word' id='word_1_94' title='bbox 518 1969 553 2003; x_wconf 84' lang='lat' dir='ltr'>ne</span> <span class='ocrx_word' id='word_1_95' title='bbox 566 1949 643 2004; x_wconf 82' lang='lat' dir='ltr'>cadat</span> <span class='ocrx_word' id='word_1_96' title='bbox 655 1992 663 2020; x_wconf 85' lang='lat'>,</span> <span class='ocrx_word' id='word_1_97' title='bbox 674 1952 711 2006; x_wconf 83' lang='lat' dir='ltr'>sic</span> <span class='ocrx_word' id='word_1_98' title='bbox 726 1964 759 2004; x_wconf 87' lang='lat' dir='ltr'>nt</span> <span class='ocrx_word' id='word_1_99' title='bbox 843 1952 909 2006; x_wconf 80' lang='lat'><strong>36⁰.</strong></span> <span class='ocrx_word' id='word_1_100' title='bbox 924 1951 1042 2005; x_wconf 83' lang='lat' dir='ltr'>Studiosi</span> <span class='ocrx_word' id='word_1_101' title='bbox 1054 1952 1171 2005; x_wconf 71' lang='lat' dir='ltr'>historie</span> <span class='ocrx_word' id='word_1_102' title='bbox 1184 1947 1310 2002; x_wconf 79' lang='lat' dir='ltr'>naturalis</span> 
     </span>
     <span class='ocr_line' id='line_1_15' title="bbox 254 2027 1310 2103; baseline -0.003 -19"><span class='ocrx_word' id='word_1_103' title='bbox 254 2027 514 2095; x_wconf 75' lang='lat' dir='ltr'>Ovid.Trist.1,vi,</span> <span class='ocrx_word' id='word_1_104' title='bbox 529 2030 560 2092; x_wconf 79' lang='lat' dir='ltr'>b,</span> <span class='ocrx_word' id='word_1_105' title='bbox 577 2032 603 2083; x_wconf 91' lang='lat' dir='ltr'><em>T</em></span> <span class='ocrx_word' id='word_1_106' title='bbox 599 2051 687 2095; x_wconf 80' lang='lat' dir='ltr'>emec,</span> <span class='ocrx_word' id='word_1_107' title='bbox 701 2052 759 2103; x_wconf 85' lang='lat' dir='ltr'>sup-</span> <span class='ocrx_word' id='word_1_108' title='bbox 804 2033 833 2085; x_wconf 89' lang='lat' dir='ltr'>in</span> <span class='ocrx_word' id='word_1_109' title='bbox 846 2032 1043 2086; x_wconf 73' lang='lat' dir='ltr'>characteribus</span> <span class='ocrx_word' id='word_1_110' title='bbox 1062 2031 1135 2086; x_wconf 77' lang='lat' dir='ltr'>cedri</span> <span class='ocrx_word' id='word_1_111' title='bbox 1148 2031 1193 2084; x_wconf 79' lang='lat' dir='ltr'>hic</span> <span class='ocrx_word' id='word_1_112' title='bbox 1208 2029 1310 2101; x_wconf 84' lang='lat' dir='ltr'>epithe-</span> 
     </span>
     <span class='ocr_line' id='line_1_16' title="bbox 253 2106 1311 2184; baseline 0 -22"><span class='ocrx_word' id='word_1_113' title='bbox 253 2113 332 2182; x_wconf 80' lang='lat' dir='ltr'>posito</span> <span class='ocrx_word' id='word_1_114' title='bbox 345 2111 423 2162; x_wconf 68' lang='grc' dir='ltr'>νείκη·</span> <span class='ocrx_word' id='word_1_115' title='bbox 436 2111 520 2174; x_wconf 79' lang='lat' dir='ltr'>trabe,</span> <span class='ocrx_word' id='word_1_116' title='bbox 532 2113 601 2178; x_wconf 79' lang='lat' dir='ltr'>sulec</span> <span class='ocrx_word' id='word_1_117' title='bbox 616 2115 686 2164; x_wconf 75' lang='lat' dir='ltr'>ruina</span> <span class='ocrx_word' id='word_1_118' title='bbox 697 2124 740 2164; x_wconf 74' lang='lat' dir='ltr'>est.</span> <span class='ocrx_word' id='word_1_119' title='bbox 804 2127 851 2167; x_wconf 89' lang='lat' dir='ltr'>ton</span> <span class='ocrx_word' id='word_1_120' title='bbox 863 2113 948 2166; x_wconf 76' lang='lat' dir='ltr'>enodes</span> <span class='ocrx_word' id='word_1_121' title='bbox 959 2126 1069 2184; x_wconf 82' lang='lat' dir='ltr'>possunt</span> <span class='ocrx_word' id='word_1_122' title='bbox 1078 2114 1230 2174; x_wconf 80' lang='lat' dir='ltr'>observare,</span> <span class='ocrx_word' id='word_1_123' title='bbox 1238 2106 1311 2180; x_wconf 85' lang='lat' dir='ltr'>quod</span> 
     </span>
     <span class='ocr_line' id='line_1_17' title="bbox 296 2188 1312 2264; baseline 0.001 -23"><span class='ocrx_word' id='word_1_124' title='bbox 296 2188 362 2244; x_wconf 80' lang='lat'>3⁵6.</span> <span class='ocrx_word' id='word_1_125' title='bbox 371 2191 532 2262; x_wconf 74' lang='lat' dir='ltr'>Polyphemus</span> <span class='ocrx_word' id='word_1_126' title='bbox 538 2190 641 2264; x_wconf 74' lang='lat' dir='ltr'>Cyclops</span> <span class='ocrx_word' id='word_1_127' title='bbox 650 2192 760 2263; x_wconf 81' lang='lat' dir='ltr'>impius,</span> <span class='ocrx_word' id='word_1_128' title='bbox 804 2193 867 2247; x_wconf 78' lang='lat' dir='ltr'>facit</span> <span class='ocrx_word' id='word_1_129' title='bbox 880 2193 938 2246; x_wconf 80' lang='lat' dir='ltr'>illas</span> <span class='ocrx_word' id='word_1_130' title='bbox 952 2192 1169 2247; x_wconf 60' lang='lat' dir='ltr'>edificationibus</span> <span class='ocrx_word' id='word_1_131' title='bbox 1184 2204 1212 2244; x_wconf 87' lang='lat' dir='ltr'>et</span> <span class='ocrx_word' id='word_1_132' title='bbox 1224 2201 1312 2242; x_wconf 82' lang='lat' dir='ltr'>conta·</span> 
     </span>
     <span class='ocr_line' id='line_1_18' title="bbox 256 2271 1083 2344; baseline 0.002 -22"><span class='ocrx_word' id='word_1_133' title='bbox 256 2283 284 2323; x_wconf 89' lang='lat' dir='ltr'>et</span> <span class='ocrx_word' id='word_1_134' title='bbox 297 2283 464 2342; x_wconf 87' lang='lat' dir='ltr'>contemptor</span> <span class='ocrx_word' id='word_1_135' title='bbox 474 2271 633 2342; x_wconf 70' lang='lat' dir='ltr'>religionum</span> <span class='ocrx_word' id='word_1_136' title='bbox 644 2271 672 2324; x_wconf 88' lang='lat' dir='ltr'>in</span> <span class='ocrx_word' id='word_1_137' title='bbox 686 2272 764 2326; x_wconf 85' lang='lat' dir='ltr'>Euri·</span> <span class='ocrx_word' id='word_1_138' title='bbox 805 2273 988 2327; x_wconf 82' lang='lat' dir='ltr'>bulationibus</span> <span class='ocrx_word' id='word_1_139' title='bbox 1001 2285 1083 2344; x_wconf 75' lang='lat' dir='ltr'>aptas.</span> 
     </span>
     <span class='ocr_line' id='line_1_19' title="bbox 255 2348 1313 2422; baseline -0.003 -20"><span class='ocrx_word' id='word_1_140' title='bbox 255 2348 327 2422; x_wconf 68' lang='lat' dir='ltr'>pido</span> <span class='ocrx_word' id='word_1_141' title='bbox 339 2351 455 2422; x_wconf 84' lang='lat' dir='ltr'>Cyclope</span> <span class='ocrx_word' id='word_1_142' title='bbox 466 2348 621 2405; x_wconf 85' lang='lat' dir='ltr'>inducitur:</span> <span class='ocrx_word' id='word_1_143' title='bbox 637 2365 763 2404; x_wconf 79' lang='lat' dir='ltr'>ettamen</span> <span class='ocrx_word' id='word_1_144' title='bbox 848 2351 913 2406; x_wconf 81' lang='lat'><strong>361.</strong></span> <span class='ocrx_word' id='word_1_145' title='bbox 927 2353 1017 2405; x_wconf 82' lang='lat' dir='ltr'>Obiens</span> <span class='ocrx_word' id='word_1_146' title='bbox 1027 2351 1157 2405; x_wconf 80' lang='lat' dir='ltr'>levissima</span> <span class='ocrx_word' id='word_1_147' title='bbox 1166 2350 1313 2402; x_wconf 81' lang='lat' dir='ltr'>mutatione</span> 
     </span>
     <span class='ocr_line' id='line_1_20' title="bbox 256 2419 1313 2505; baseline -0.003 -22"><span class='ocrx_word' id='word_1_148' title='bbox 256 2431 349 2483; x_wconf 84' lang='lat' dir='ltr'>horret</span> <span class='ocrx_word' id='word_1_149' title='bbox 377 2448 477 2483; x_wconf 72' lang='lat' dir='ltr'>sacram</span> <span class='ocrx_word' id='word_1_150' title='bbox 498 2430 591 2484; x_wconf 85' lang='lat' dir='ltr'>silvam</span> <span class='ocrx_word' id='word_1_151' title='bbox 612 2441 639 2483; x_wconf 89' lang='lat' dir='ltr'>et</span> <span class='ocrx_word' id='word_1_152' title='bbox 665 2442 763 2503; x_wconf 70' lang='lat' dir='ltr'>tropen</span> <span class='ocrx_word' id='word_1_153' title='bbox 805 2419 906 2505; x_wconf 85' lang='lat' dir='ltr'>ponere</span> <span class='ocrx_word' id='word_1_154' title='bbox 918 2452 968 2503; x_wconf 89' lang='lat' dir='ltr'>pro</span> <span class='ocrx_word' id='word_1_155' title='bbox 977 2431 1057 2485; x_wconf 74' lang='lat' dir='ltr'>abiens</span> <span class='ocrx_word' id='word_1_156' title='bbox 1068 2450 1146 2485; x_wconf 82' lang='lat' dir='ltr'>ansus</span> <span class='ocrx_word' id='word_1_157' title='bbox 1156 2425 1313 2500; x_wconf 84' lang='lat' dir='ltr'>sum,quo‹l</span> 
     </span>
     <span class='ocr_line' id='line_1_21' title="bbox 258 2505 1314 2565; baseline -0.003 -3"><span class='ocrx_word' id='word_1_158' title='bbox 258 2508 332 2563; x_wconf 74' lang='lat' dir='ltr'>lovis</span> <span class='ocrx_word' id='word_1_159' title='bbox 343 2509 449 2563; x_wconf 78' lang='lat' dir='ltr'>violare.</span> <span class='ocrx_word' id='word_1_160' title='bbox 463 2505 603 2565; x_wconf 83' lang='lat' dir='ltr'>SedCereo</span> <span class='ocrx_word' id='word_1_161' title='bbox 612 2528 686 2563; x_wconf 85' lang='lat' dir='ltr'>nunc</span> <span class='ocrx_word' id='word_1_162' title='bbox 698 2511 764 2564; x_wconf 79' lang='lat' dir='ltr'>irata</span> <span class='ocrx_word' id='word_1_163' title='bbox 807 2512 888 2565; x_wconf 82' lang='lat' dir='ltr'>nimis</span> <span class='ocrx_word' id='word_1_164' title='bbox 906 2510 1132 2565; x_wconf 78' lang='lat' dir='ltr'>accommodatum</span> <span class='ocrx_word' id='word_1_165' title='bbox 1151 2507 1214 2560; x_wconf 91' lang='lat' dir='ltr'>huic</span> <span class='ocrx_word' id='word_1_166' title='bbox 1233 2508 1271 2560; x_wconf 85' lang='lat' dir='ltr'>rei</span> <span class='ocrx_word' id='word_1_167' title='bbox 1286 2519 1314 2559; x_wconf 87' lang='lat' dir='ltr'>et</span> 
     </span>
     <span class='ocr_line' id='line_1_22' title="bbox 259 2586 1314 2661; baseline -0.007 -19"><span class='ocrx_word' id='word_1_168' title='bbox 259 2590 322 2642; x_wconf 78' lang='lat' dir='ltr'>tovi</span> <span class='ocrx_word' id='word_1_169' title='bbox 337 2601 363 2643; x_wconf 82' lang='lat' dir='ltr'>et</span> <span class='ocrx_word' id='word_1_170' title='bbox 378 2590 436 2643; x_wconf 85' lang='lat' dir='ltr'>Diis</span> <span class='ocrx_word' id='word_1_171' title='bbox 450 2590 574 2643; x_wconf 88' lang='lat' dir='ltr'>omnibns</span> <span class='ocrx_word' id='word_1_172' title='bbox 593 2608 648 2642; x_wconf 89' lang='lat' dir='ltr'>non</span> <span class='ocrx_word' id='word_1_173' title='bbox 661 2590 764 2661; x_wconf 80' lang='lat' dir='ltr'>parcit,</span> <span class='ocrx_word' id='word_1_174' title='bbox 807 2592 866 2643; x_wconf 90' lang='lat' dir='ltr'>loco</span> <span class='ocrx_word' id='word_1_175' title='bbox 881 2592 1010 2653; x_wconf 80' lang='lat' dir='ltr'>verbum,</span> <span class='ocrx_word' id='word_1_176' title='bbox 1026 2602 1104 2660; x_wconf 75' lang='lat' dir='ltr'>atque</span> <span class='ocrx_word' id='word_1_177' title='bbox 1118 2588 1157 2639; x_wconf 87' lang='lat' dir='ltr'>illi</span> <span class='ocrx_word' id='word_1_178' title='bbox 1170 2586 1260 2656; x_wconf 88' lang='lat' dir='ltr'>inepto</span> <span class='ocrx_word' id='word_1_179' title='bbox 1275 2586 1314 2635; x_wconf 76' lang='lat' dir='ltr'>al·</span> 
     </span>
     <span class='ocr_line' id='line_1_23' title="bbox 260 2663 1314 2741; baseline -0.008 -18"><span class='ocrx_word' id='word_1_180' title='bbox 260 2669 513 2741; x_wconf 76' lang='lat' dir='ltr'>quinqnosonctior</span> <span class='ocrx_word' id='word_1_181' title='bbox 522 2682 562 2723; x_wconf 84' lang='lat' dir='ltr'>est</span> <span class='ocrx_word' id='word_1_182' title='bbox 571 2669 765 2733; x_wconf 79' lang='lat' dir='ltr'>lucus,eoma-</span> <span class='ocrx_word' id='word_1_183' title='bbox 809 2670 858 2722; x_wconf 85' lang='lat' dir='ltr'>teri</span> <span class='ocrx_word' id='word_1_184' title='bbox 878 2669 957 2721; x_wconf 87' lang='lat' dir='ltr'>nimis</span> <span class='ocrx_word' id='word_1_185' title='bbox 978 2669 1063 2721; x_wconf 80' lang='lat' dir='ltr'>simile</span> <span class='ocrx_word' id='word_1_186' title='bbox 1081 2667 1214 2739; x_wconf 78' lang='lat' dir='ltr'>putabam.</span> <span class='ocrx_word' id='word_1_187' title='bbox 1238 2663 1314 2717; x_wconf 81' lang='lat' dir='ltr'>Obire</span> 
     </span>
     <span class='ocr_line' id='line_1_24' title="bbox 261 2743 1313 2819; baseline -0.004 -18"><span class='ocrx_word' id='word_1_188' title='bbox 261 2749 300 2819; x_wconf 74' lang='lat' dir='ltr'>gis</span> <span class='ocrx_word' id='word_1_189' title='bbox 313 2749 387 2819; x_wconf 88' lang='lat' dir='ltr'>cupit</span> <span class='ocrx_word' id='word_1_190' title='bbox 396 2760 422 2800; x_wconf 84' lang='lat' dir='ltr'>et</span> <span class='ocrx_word' id='word_1_191' title='bbox 438 2747 514 2801; x_wconf 80' lang='lat' dir='ltr'>ardet</span> <span class='ocrx_word' id='word_1_192' title='bbox 525 2749 602 2801; x_wconf 87' lang='lat' dir='ltr'>illum</span> <span class='ocrx_word' id='word_1_193' title='bbox 617 2760 724 2802; x_wconf 77' lang='lat' dir='ltr'>vastare.</span> <span class='ocrx_word' id='word_1_194' title='bbox 809 2766 863 2801; x_wconf 87' lang='lat' dir='ltr'>non</span> <span class='ocrx_word' id='word_1_195' title='bbox 876 2760 981 2801; x_wconf 88' lang='lat' dir='ltr'>tantum</span> <span class='ocrx_word' id='word_1_196' title='bbox 994 2760 1033 2801; x_wconf 82' lang='lat' dir='ltr'>est</span> <span class='ocrx_word' id='word_1_197' title='bbox 1044 2748 1176 2811; x_wconf 87' lang='lat' dir='ltr'>lustrare,</span> <span class='ocrx_word' id='word_1_198' title='bbox 1191 2754 1222 2796; x_wconf 91' lang='lat' dir='ltr'>ut</span> <span class='ocrx_word' id='word_1_199' title='bbox 1235 2743 1313 2815; x_wconf 73' lang='lat' dir='ltr'>Virg.</span> 
     </span>
     <span class='ocr_line' id='line_1_25' title="bbox 301 2826 1314 2899; baseline -0.002 -23"><span class='ocrx_word' id='word_1_200' title='bbox 301 2826 365 2879; x_wconf 80' lang='lat'>358.</span> <span class='ocrx_word' id='word_1_201' title='bbox 380 2828 474 2878; x_wconf 79' lang='lat' dir='ltr'>lacerto</span> <span class='ocrx_word' id='word_1_202' title='bbox 484 2828 568 2879; x_wconf 79' lang='lat' dir='ltr'>vibrat</span> <span class='ocrx_word' id='word_1_203' title='bbox 576 2833 689 2890; x_wconf 74' lang='lat' dir='ltr'>securim,</span> <span class='ocrx_word' id='word_1_204' title='bbox 703 2828 767 2899; x_wconf 82' lang='lat' dir='ltr'>quia</span> <span class='ocrx_word' id='word_1_205' title='bbox 809 2831 869 2879; x_wconf 83' lang='lat' dir='ltr'>AEn.</span> <span class='ocrx_word' id='word_1_206' title='bbox 881 2828 921 2895; x_wconf 77' lang='lat' dir='ltr'>X,</span> <span class='ocrx_word' id='word_1_207' title='bbox 935 2826 1009 2897; x_wconf 72' lang='lat'><strong>457,</strong></span> <span class='ocrx_word' id='word_1_208' title='bbox 1024 2846 1151 2897; x_wconf 79' lang='lat' dir='ltr'>corpusque</span> <span class='ocrx_word' id='word_1_209' title='bbox 1167 2844 1212 2894; x_wconf 85' lang='lat' dir='ltr'>per</span> <span class='ocrx_word' id='word_1_210' title='bbox 1231 2827 1314 2895; x_wconf 74' lang='lat' dir='ltr'>ingens</span> 
     </span>
     <span class='ocr_line' id='line_1_26' title="bbox 259 2904 1318 2978; baseline -0.001 -22"><span class='ocrx_word' id='word_1_211' title='bbox 259 2923 314 2957; x_wconf 89' lang='lat' dir='ltr'>non</span> <span class='ocrx_word' id='word_1_212' title='bbox 340 2917 416 2957; x_wconf 84' lang='lat' dir='ltr'>curat</span> <span class='ocrx_word' id='word_1_213' title='bbox 437 2922 519 2974; x_wconf 84' lang='lat' dir='ltr'>qnam</span> <span class='ocrx_word' id='word_1_214' title='bbox 537 2908 660 2959; x_wconf 82' lang='lat' dir='ltr'>arborem</span> <span class='ocrx_word' id='word_1_215' title='bbox 679 2919 765 2978; x_wconf 84' lang='lat' dir='ltr'>petat;</span> <span class='ocrx_word' id='word_1_216' title='bbox 810 2909 911 2961; x_wconf 65' lang='lat' dir='ltr'>trinua</span> <span class='ocrx_word' id='word_1_217' title='bbox 927 2906 1022 2971; x_wconf 74' lang='lat' dir='ltr'>volvit,</span> <span class='ocrx_word' id='word_1_218' title='bbox 1042 2906 1136 2978; x_wconf 82' lang='lat' dir='ltr'>obitque</span> <span class='ocrx_word' id='word_1_219' title='bbox 1152 2906 1215 2956; x_wconf 80' lang='lat' dir='ltr'>tmci</span> <span class='ocrx_word' id='word_1_220' title='bbox 1230 2904 1318 2975; x_wconf 85' lang='lat' dir='ltr'>procul</span> 
     </span>
     <span class='ocr_line' id='line_1_27' title="bbox 258 2982 1316 3057; baseline -0.003 -19"><span class='ocrx_word' id='word_1_221' title='bbox 258 2998 371 3057; x_wconf 75' lang='lat' dir='ltr'>stragem</span> <span class='ocrx_word' id='word_1_222' title='bbox 395 2982 477 3036; x_wconf 88' lang='lat' dir='ltr'>modo</span> <span class='ocrx_word' id='word_1_223' title='bbox 499 2985 558 3037; x_wconf 76' lang='lat' dir='ltr'>vult</span> <span class='ocrx_word' id='word_1_224' title='bbox 581 2984 681 3051; x_wconf 85' lang='lat' dir='ltr'>edere;</span> <span class='ocrx_word' id='word_1_225' title='bbox 704 2985 766 3038; x_wconf 86' lang='lat' dir='ltr'>ideo</span> <span class='ocrx_word' id='word_1_226' title='bbox 809 2989 1001 3049; x_wconf 64' lang='lat' dir='ltr'>emulantium</span> <span class='ocrx_word' id='word_1_227' title='bbox 1011 2986 1064 3050; x_wconf 85' lang='lat' dir='ltr'>XI,</span> <span class='ocrx_word' id='word_1_228' title='bbox 1077 2989 1142 3055; x_wconf 73' lang='lat'><strong><em>478,</em></strong></span> <span class='ocrx_word' id='word_1_229' title='bbox 1153 2983 1316 3048; x_wconf 72' lang='lat' dir='ltr'>delutum,</span> 
     </span>
     <span class='ocr_line' id='line_1_28' title="bbox 260 3061 1314 3139; baseline -0.003 -22"><span class='ocrx_word' id='word_1_230' title='bbox 260 3061 320 3117; x_wconf 75' lang='lat' dir='ltr'>Ald.</span> <span class='ocrx_word' id='word_1_231' title='bbox 335 3078 362 3118; x_wconf 91' lang='lat' dir='ltr'>et</span> <span class='ocrx_word' id='word_1_232' title='bbox 371 3063 446 3117; x_wconf 84' lang='lat' dir='ltr'>MSS.</span> <span class='ocrx_word' id='word_1_233' title='bbox 460 3061 581 3135; x_wconf 85' lang='lat' dir='ltr'>quidam,</span> <span class='ocrx_word' id='word_1_234' title='bbox 596 3067 691 3131; x_wconf 75' lang='lat' dir='ltr'>insesso.</span> <span class='ocrx_word' id='word_1_235' title='bbox 700 3066 759 3118; x_wconf 60' lang='lat' dir='ltr'>En„</span> <span class='ocrx_word' id='word_1_236' title='bbox 810 3067 939 3139; x_wconf 68' lang='lat' dir='ltr'>rapidoque</span> <span class='ocrx_word' id='word_1_237' title='bbox 958 3066 1044 3118; x_wconf 80' lang='lat' dir='ltr'>volans</span> <span class='ocrx_word' id='word_1_238' title='bbox 1063 3066 1114 3117; x_wconf 84' lang='lat' dir='ltr'>obit</span> <span class='ocrx_word' id='word_1_239' title='bbox 1128 3067 1208 3138; x_wconf 74' lang='lat' dir='ltr'>omnia</span> <span class='ocrx_word' id='word_1_240' title='bbox 1229 3083 1314 3125; x_wconf 65' lang='lat' dir='ltr'>curm</span> 
     </span>
     <span class='ocr_line' id='line_1_29' title="bbox 301 3143 1316 3216; baseline -0.002 -20"><span class='ocrx_word' id='word_1_241' title='bbox 301 3144 365 3213; x_wconf 83' lang='lat'><strong>359.</strong></span> <span class='ocrx_word' id='word_1_242' title='bbox 383 3143 516 3196; x_wconf 88' lang='lat' dir='ltr'>Sollicitor</span> <span class='ocrx_word' id='word_1_243' title='bbox 535 3157 645 3216; x_wconf 87' lang='lat' dir='ltr'>putare,</span> <span class='ocrx_word' id='word_1_244' title='bbox 660 3145 693 3197; x_wconf 86' lang='lat' dir='ltr'>ab</span> <span class='ocrx_word' id='word_1_245' title='bbox 707 3145 766 3216; x_wconf 85' lang='lat' dir='ltr'>ipso</span> <span class='ocrx_word' id='word_1_246' title='bbox 810 3147 853 3200; x_wconf 92' lang='lat' dir='ltr'>cui</span> <span class='ocrx_word' id='word_1_247' title='bbox 870 3145 1084 3209; x_wconf 70' lang='lat' dir='ltr'>nimbosum,</span> <span class='ocrx_word' id='word_1_248' title='bbox 1105 3149 1158 3199; x_wconf 80' lang='lat'>160</span> <span class='ocrx_word' id='word_1_249' title='bbox 1171 3183 1180 3209; x_wconf 91' lang='lat'><strong><em>‚</em></strong></span> <span class='ocrx_word' id='word_1_250' title='bbox 1191 3144 1316 3214; x_wconf 80' lang='lat' dir='ltr'>crebroque</span> 
     </span>
     <span class='ocr_line' id='line_1_30' title="bbox 260 3221 1316 3294; baseline -0.002 -17"><span class='ocrx_word' id='word_1_251' title='bbox 260 3222 407 3277; x_wconf 88' lang='lat' dir='ltr'>Claudiano</span> <span class='ocrx_word' id='word_1_252' title='bbox 433 3242 488 3276; x_wconf 82' lang='lat' dir='ltr'>esse</span> <span class='ocrx_word' id='word_1_253' title='bbox 509 3228 629 3294; x_wconf 79' lang='lat' dir='ltr'>petitum,</span> <span class='ocrx_word' id='word_1_254' title='bbox 652 3223 717 3276; x_wconf 82' lang='lat' dir='ltr'>adeo</span> <span class='ocrx_word' id='word_1_255' title='bbox 740 3236 768 3276; x_wconf 88' lang='lat' dir='ltr'>et</span> <span class='ocrx_word' id='word_1_256' title='bbox 811 3221 1316 3286; x_wconf 71' lang='lat' dir='ltr'>obisomotaotsonedetiaminvodere,</span> 
     </span>
     <span class='ocr_line' id='line_1_31' title="bbox 259 3302 1317 3374; baseline -0.001 -20"><span class='ocrx_word' id='word_1_257' title='bbox 259 3303 323 3355; x_wconf 88' lang='lat' dir='ltr'>libri</span> <span class='ocrx_word' id='word_1_258' title='bbox 356 3302 544 3368; x_wconf 83' lang='lat' dir='ltr'>consentiunt,</span> <span class='ocrx_word' id='word_1_259' title='bbox 573 3316 600 3356; x_wconf 90' lang='lat' dir='ltr'>et</span> <span class='ocrx_word' id='word_1_260' title='bbox 630 3304 769 3356; x_wconf 72' lang='lat' dir='ltr'>sententie</span> <span class='ocrx_word' id='word_1_261' title='bbox 812 3319 844 3359; x_wconf 88' lang='lat' dir='ltr'>ut</span> <span class='ocrx_word' id='word_1_262' title='bbox 858 3304 905 3359; x_wconf 90' lang='lat' dir='ltr'>sil.</span> <span class='ocrx_word' id='word_1_263' title='bbox 918 3306 1016 3369; x_wconf 83' lang='lat' dir='ltr'>XVII,</span> <span class='ocrx_word' id='word_1_264' title='bbox 1036 3303 1317 3374; x_wconf 71' lang='lat' dir='ltr'>492,Jamqueardore</span> 
     </span>
     <span class='ocr_line' id='line_1_32' title="bbox 260 3380 1317 3456; baseline 0.001 -23"><span class='ocrx_word' id='word_1_265' title='bbox 260 3393 354 3451; x_wconf 88' lang='lat' dir='ltr'>aptum</span> <span class='ocrx_word' id='word_1_266' title='bbox 377 3394 425 3434; x_wconf 81' lang='lat' dir='ltr'>cst.</span> <span class='ocrx_word' id='word_1_267' title='bbox 444 3381 524 3447; x_wconf 85' lang='lat' dir='ltr'>Quod</span> <span class='ocrx_word' id='word_1_268' title='bbox 543 3380 639 3435; x_wconf 86' lang='lat' dir='ltr'>modus</span> <span class='ocrx_word' id='word_1_269' title='bbox 660 3383 768 3454; x_wconf 70' lang='lat' dir='ltr'>syllabae</span> <span class='ocrx_word' id='word_1_270' title='bbox 812 3389 873 3437; x_wconf 83' lang='lat' dir='ltr'>truci</span> <span class='ocrx_word' id='word_1_271' title='bbox 891 3386 993 3437; x_wconf 73' lang='lat' dir='ltr'>leonum</span> <span class='ocrx_word' id='word_1_272' title='bbox 1004 3386 1138 3452; x_wconf 76' lang='lat' dir='ltr'>fhrtissima</span> <span class='ocrx_word' id='word_1_273' title='bbox 1155 3402 1252 3456; x_wconf 80' lang='lat' dir='ltr'>quoeque</span> <span class='ocrx_word' id='word_1_274' title='bbox 1265 3382 1317 3435; x_wconf 88' lang='lat' dir='ltr'>No·</span> 
     </span>
     <span class='ocr_line' id='line_1_33' title="bbox 261 3459 1317 3533; baseline 0.001 -21"><span class='ocrx_word' id='word_1_275' title='bbox 261 3472 405 3531; x_wconf 71' lang='lat' dir='ltr'>repugnat,</span> <span class='ocrx_word' id='word_1_276' title='bbox 426 3459 496 3514; x_wconf 81' lang='lat' dir='ltr'>inter</span> <span class='ocrx_word' id='word_1_277' title='bbox 511 3461 664 3533; x_wconf 78' lang='grc' dir='ltr'>πταίσματα</span> <span class='ocrx_word' id='word_1_278' title='bbox 674 3463 768 3516; x_wconf 83' lang='lat' dir='ltr'>referri</span> <span class='ocrx_word' id='word_1_279' title='bbox 813 3469 878 3521; x_wconf 62' lang='lat' dir='ltr'>mono</span> <span class='ocrx_word' id='word_1_280' title='bbox 894 3464 945 3516; x_wconf 82' lang='lat' dir='ltr'>obit</span> <span class='ocrx_word' id='word_1_281' title='bbox 953 3466 1030 3532; x_wconf 79' lang='lat' dir='ltr'>serro.</span> <span class='ocrx_word' id='word_1_282' title='bbox 1048 3466 1084 3519; x_wconf 87' lang='lat' dir='ltr'>Et</span> <span class='ocrx_word' id='word_1_283' title='bbox 1095 3464 1161 3516; x_wconf 72' lang='lat' dir='ltr'>Stat.</span> <span class='ocrx_word' id='word_1_284' title='bbox 1172 3462 1259 3517; x_wconf 85' lang='lat' dir='ltr'>Theb.</span> <span class='ocrx_word' id='word_1_285' title='bbox 1270 3462 1317 3525; x_wconf 87' lang='grc' dir='ltr'>Η,</span> 
     </span>
     <span class='ocr_line' id='line_1_34' title="bbox 262 3539 1318 3617; baseline -0.001 -25"><span class='ocrx_word' id='word_1_286' title='bbox 262 3552 367 3611; x_wconf 86' lang='lat' dir='ltr'>potest,</span> <span class='ocrx_word' id='word_1_287' title='bbox 381 3558 397 3591; x_wconf 85' lang='lat' dir='ltr'>a</span> <span class='ocrx_word' id='word_1_288' title='bbox 409 3539 507 3610; x_wconf 82' lang='lat' dir='ltr'>quibus</span> <span class='ocrx_word' id='word_1_289' title='bbox 519 3558 569 3593; x_wconf 86' lang='lat' dir='ltr'>nec</span> <span class='ocrx_word' id='word_1_290' title='bbox 584 3542 680 3613; x_wconf 86' lang='lat' dir='ltr'>optimi</span> <span class='ocrx_word' id='word_1_291' title='bbox 694 3544 769 3595; x_wconf 75' lang='lat' dir='ltr'>fuere</span> <span class='ocrx_word' id='word_1_292' title='bbox 815 3544 880 3615; x_wconf 75' lang='lat'><strong>589,</strong></span> <span class='ocrx_word' id='word_1_293' title='bbox 896 3546 951 3597; x_wconf 84' lang='lat' dir='ltr'>Hos</span> <span class='ocrx_word' id='word_1_294' title='bbox 961 3544 1012 3597; x_wconf 80' lang='lat' dir='ltr'>obit</span> <span class='ocrx_word' id='word_1_295' title='bbox 1021 3557 1092 3617; x_wconf 79' lang='lat' dir='ltr'>atque</span> <span class='ocrx_word' id='word_1_296' title='bbox 1102 3544 1174 3606; x_wconf 80' lang='lat' dir='ltr'>illos,</span> <span class='ocrx_word' id='word_1_297' title='bbox 1191 3542 1239 3594; x_wconf 86' lang='lat' dir='ltr'>nbi</span> <span class='ocrx_word' id='word_1_298' title='bbox 1250 3542 1318 3593; x_wconf 85' lang='lat' dir='ltr'>bene</span> 
     </span>
     <span class='ocr_line' id='line_1_35' title="bbox 263 3619 1317 3695; baseline 0 -24"><span class='ocrx_word' id='word_1_299' title='bbox 263 3620 401 3673; x_wconf 81' lang='lat' dir='ltr'>immunes.</span> <span class='ocrx_word' id='word_1_300' title='bbox 424 3620 459 3672; x_wconf 88' lang='lat' dir='ltr'>Et</span> <span class='ocrx_word' id='word_1_301' title='bbox 481 3619 620 3675; x_wconf 78' lang='lat' dir='ltr'>fluctuasse</span> <span class='ocrx_word' id='word_1_302' title='bbox 636 3621 688 3674; x_wconf 91' lang='lat' dir='ltr'>hoc</span> <span class='ocrx_word' id='word_1_303' title='bbox 709 3642 768 3675; x_wconf 78' lang='lat' dir='ltr'>rer-</span> <span class='ocrx_word' id='word_1_304' title='bbox 813 3624 849 3675; x_wconf 92' lang='lat' dir='ltr'>V.</span> <span class='ocrx_word' id='word_1_305' title='bbox 866 3624 956 3678; x_wconf 87' lang='lat' dir='ltr'>Schol.</span> <span class='ocrx_word' id='word_1_306' title='bbox 971 3628 1081 3695; x_wconf 80' lang='lat' dir='ltr'>impetit,</span> <span class='ocrx_word' id='word_1_307' title='bbox 1096 3625 1177 3691; x_wconf 71' lang='grc' dir='ltr'>[ιη’τ,</span> <span class='ocrx_word' id='word_1_308' title='bbox 1196 3621 1317 3672; x_wconf 70' lang='lat' dir='ltr'>oulmme.</span> 
     </span>
     <span class='ocr_line' id='line_1_36' title="bbox 262 3698 1318 3764; baseline 0 -12"><span class='ocrx_word' id='word_1_309' title='bbox 262 3700 345 3763; x_wconf 87' lang='lat' dir='ltr'>bum,</span> <span class='ocrx_word' id='word_1_310' title='bbox 367 3713 399 3753; x_wconf 88' lang='lat' dir='ltr'>ut</span> <span class='ocrx_word' id='word_1_311' title='bbox 424 3699 492 3764; x_wconf 80' lang='lat' dir='ltr'>alia,</span> <span class='ocrx_word' id='word_1_312' title='bbox 518 3700 588 3753; x_wconf 88' lang='lat' dir='ltr'>inter</span> <span class='ocrx_word' id='word_1_313' title='bbox 611 3702 716 3754; x_wconf 78' lang='lat' dir='ltr'>tertiam</span> <span class='ocrx_word' id='word_1_314' title='bbox 743 3714 770 3754; x_wconf 86' lang='lat' dir='ltr'>et</span> <span class='ocrx_word' id='word_1_315' title='bbox 814 3702 876 3756; x_wconf 71' lang='lat' dir='ltr'>llaec</span> <span class='ocrx_word' id='word_1_316' title='bbox 900 3704 936 3756; x_wconf 84' lang='lat' dir='ltr'>ita</span> <span class='ocrx_word' id='word_1_317' title='bbox 959 3704 1122 3756; x_wconf 86' lang='lat' dir='ltr'>conveniunt</span> <span class='ocrx_word' id='word_1_318' title='bbox 1141 3698 1174 3755; x_wconf 80' lang='lat' dir='ltr'>ad</span> <span class='ocrx_word' id='word_1_319' title='bbox 1196 3713 1318 3753; x_wconf 74' lang='lat' dir='ltr'>nonu-nm</span> 
     </span>
     <span class='ocr_line' id='line_1_37' title="bbox 263 3778 1319 3854; baseline 0 -22"><span class='ocrx_word' id='word_1_320' title='bbox 263 3792 382 3850; x_wconf 76' lang='lat' dir='ltr'>quartam</span> <span class='ocrx_word' id='word_1_321' title='bbox 409 3782 632 3852; x_wconf 71' lang='lat' dir='ltr'>conjugationem,</span> <span class='ocrx_word' id='word_1_322' title='bbox 648 3794 771 3852; x_wconf 83' lang='lat' dir='ltr'>apertum¹</span> <span class='ocrx_word' id='word_1_323' title='bbox 813 3783 927 3849; x_wconf 83' lang='lat' dir='ltr'>locum,</span> <span class='ocrx_word' id='word_1_324' title='bbox 953 3796 983 3834; x_wconf 91' lang='lat' dir='ltr'>ut</span> <span class='ocrx_word' id='word_1_325' title='bbox 1008 3795 1100 3854; x_wconf 88' lang='lat' dir='ltr'>putem</span> <span class='ocrx_word' id='word_1_326' title='bbox 1130 3782 1173 3833; x_wconf 84' lang='lat' dir='ltr'>vix</span> <span class='ocrx_word' id='word_1_327' title='bbox 1201 3778 1319 3833; x_wconf 79' lang='lat' dir='ltr'>dubitari</span> 
     </span>
     <span class='ocr_line' id='line_1_38' title="bbox 264 3856 1318 3933; baseline 0.001 -23"><span class='ocrx_word' id='word_1_328' title='bbox 264 3871 311 3910; x_wconf 84' lang='lat' dir='ltr'>est.</span> <span class='ocrx_word' id='word_1_329' title='bbox 330 3859 484 3913; x_wconf 77' lang='lat' dir='ltr'>Parrhasius</span> <span class='ocrx_word' id='word_1_330' title='bbox 505 3873 577 3915; x_wconf 84' lang='lat' dir='ltr'>certe</span> <span class='ocrx_word' id='word_1_331' title='bbox 597 3860 721 3915; x_wconf 81' lang='lat' dir='ltr'>concoxit</span> <span class='ocrx_word' id='word_1_332' title='bbox 736 3860 772 3916; x_wconf 89' lang='lat' dir='ltr'>si·</span> <span class='ocrx_word' id='word_1_333' title='bbox 813 3880 904 3933; x_wconf 82' lang='lat' dir='ltr'>posse,</span> <span class='ocrx_word' id='word_1_334' title='bbox 918 3862 985 3933; x_wconf 87' lang='lat' dir='ltr'>quin</span> <span class='ocrx_word' id='word_1_335' title='bbox 998 3862 1078 3915; x_wconf 77' lang='lat' dir='ltr'>obiens</span> <span class='ocrx_word' id='word_1_336' title='bbox 1088 3862 1122 3915; x_wconf 87' lang='lat' dir='ltr'>sit</span> <span class='ocrx_word' id='word_1_337' title='bbox 1137 3856 1318 3914; x_wconf 81' lang='lat' dir='ltr'>aClnudiano.</span> 
     </span>
     <span class='ocr_line' id='line_1_39' title="bbox 262 3936 1320 4013; baseline 0.002 -25"><span class='ocrx_word' id='word_1_338' title='bbox 262 3936 367 4001; x_wconf 85' lang='lat' dir='ltr'>lentio,</span> <span class='ocrx_word' id='word_1_339' title='bbox 396 3953 423 3992; x_wconf 84' lang='lat' dir='ltr'>et</span> <span class='ocrx_word' id='word_1_340' title='bbox 446 3940 635 4011; x_wconf 79' lang='lat' dir='ltr'>interpretatus</span> <span class='ocrx_word' id='word_1_341' title='bbox 660 3955 699 3993; x_wconf 87' lang='lat' dir='ltr'>est</span> <span class='ocrx_word' id='word_1_342' title='bbox 723 3961 767 4011; x_wconf 83' lang='lat' dir='ltr'>pe-</span> <span class='ocrx_word' id='word_1_343' title='bbox 853 3939 1320 4013; x_wconf 79' lang='lat' dir='ltr'>362.Ceresprehenditarbores,et</span> 
     </span>
     <span class='ocr_line' id='line_1_40' title="bbox 264 4017 1318 4094; baseline 0.005 -26"><span class='ocrx_word' id='word_1_344' title='bbox 264 4019 347 4069; x_wconf 64' lang='lat' dir='ltr'>tum.</span> <span class='ocrx_word' id='word_1_345' title='bbox 358 4049 397 4059; x_wconf 90' lang='lat'>-</span> <span class='ocrx_word' id='word_1_346' title='bbox 408 4020 458 4070; x_wconf 83' lang='lat' dir='ltr'>Per</span> <span class='ocrx_word' id='word_1_347' title='bbox 466 4023 530 4071; x_wconf 78' lang='lat' dir='ltr'>itura</span> <span class='ocrx_word' id='word_1_348' title='bbox 541 4033 580 4075; x_wconf 80' lang='lat' dir='ltr'>est</span> <span class='ocrx_word' id='word_1_349' title='bbox 588 4021 767 4093; x_wconf 79' lang='lat' dir='ltr'>transpositio,</span> <span class='ocrx_word' id='word_1_350' title='bbox 812 4040 941 4075; x_wconf 85' lang='lat' dir='ltr'>concussu</span> <span class='ocrx_word' id='word_1_351' title='bbox 964 4022 1055 4094; x_wconf 74' lang='lat' dir='ltr'>stirpis</span> <span class='ocrx_word' id='word_1_352' title='bbox 1073 4030 1203 4092; x_wconf 71' lang='lat' dir='ltr'>praetentat</span> <span class='ocrx_word' id='word_1_353' title='bbox 1223 4017 1318 4071; x_wconf 67' lang='lat' dir='ltr'>tractu</span> 
     </span>
     <span class='ocr_line' id='line_1_41' title="bbox 262 4094 1317 4173; baseline 0.008 -25"><span class='ocrx_word' id='word_1_354' title='bbox 262 4096 335 4167; x_wconf 83' lang='lat' dir='ltr'>quasi</span> <span class='ocrx_word' id='word_1_355' title='bbox 350 4094 450 4150; x_wconf 86' lang='lat' dir='ltr'>diceret</span> <span class='ocrx_word' id='word_1_356' title='bbox 462 4102 540 4163; x_wconf 80' lang='lat' dir='ltr'>itura,</span> <span class='ocrx_word' id='word_1_357' title='bbox 558 4120 605 4153; x_wconf 80' lang='lat' dir='ltr'>seu</span> <span class='ocrx_word' id='word_1_358' title='bbox 625 4101 707 4153; x_wconf 87' lang='lat' dir='ltr'>ictum</span> <span class='ocrx_word' id='word_1_359' title='bbox 725 4101 768 4153; x_wconf 85' lang='lat' dir='ltr'>in-</span> <span class='ocrx_word' id='word_1_360' title='bbox 812 4101 937 4167; x_wconf 84' lang='lat' dir='ltr'>illarum,</span> <span class='ocrx_word' id='word_1_361' title='bbox 950 4122 982 4157; x_wconf 87' lang='lat' dir='ltr'>an</span> <span class='ocrx_word' id='word_1_362' title='bbox 1000 4100 1102 4173; x_wconf 82' lang='lat' dir='ltr'>possint</span> <span class='ocrx_word' id='word_1_363' title='bbox 1116 4100 1188 4153; x_wconf 83' lang='lat' dir='ltr'>illam</span> <span class='ocrx_word' id='word_1_364' title='bbox 1195 4096 1317 4168; x_wconf 67' lang='lat' dir='ltr'>jactarin-</span> 
     </span>
     <span class='ocr_line' id='line_1_42' title="bbox 260 4175 1215 4253; baseline 0.003 -25"><span class='ocrx_word' id='word_1_365' title='bbox 260 4175 379 4240; x_wconf 73' lang='lat' dir='ltr'>uictura,</span> <span class='ocrx_word' id='word_1_366' title='bbox 391 4198 437 4247; x_wconf 81' lang='lat' dir='ltr'>per</span> <span class='ocrx_word' id='word_1_367' title='bbox 450 4177 548 4232; x_wconf 77' lang='lat' dir='ltr'>lovem</span> <span class='ocrx_word' id='word_1_368' title='bbox 555 4178 682 4239; x_wconf 79' lang='lat' dir='ltr'>medinm.</span> <span class='ocrx_word' id='word_1_369' title='bbox 692 4181 761 4235; x_wconf 82' lang='lat' dir='ltr'>Tam</span> <span class='ocrx_word' id='word_1_370' title='bbox 813 4200 891 4245; x_wconf 85' lang='lat' dir='ltr'>nem,</span> <span class='ocrx_word' id='word_1_371' title='bbox 907 4200 960 4253; x_wconf 86' lang='lat' dir='ltr'>qna</span> <span class='ocrx_word' id='word_1_372' title='bbox 970 4200 1049 4236; x_wconf 78' lang='lat' dir='ltr'>usura</span> <span class='ocrx_word' id='word_1_373' title='bbox 1059 4192 1128 4245; x_wconf 73' lang='lat' dir='ltr'>erut,</span> <span class='ocrx_word' id='word_1_374' title='bbox 1139 4179 1215 4237; x_wconf 81' lang='lat' dir='ltr'>ferre.</span> 
     </span>
    </p>
   </div>
   <div class='ocr_carea' id='block_1_4' title="bbox 0 0 1543 4900">
    <p class='ocr_par' dir='ltr' id='par_1_6' title="bbox 0 0 1543 4900">
     <span class='ocr_line' id='line_1_43' title="bbox 0 0 1543 4900; baseline 0 0"><span class='ocrx_word' id='word_1_375' title='bbox 0 0 1543 4900; x_wconf 95' lang='lat' dir='ltr'> </span> 
     </span>
    </p>
   </div>
  </div>
 </body>
</html>
