3034 4900
224 475 297 556 214
437 471 512 538 cn.
540 421 848 538 cucumim
875 469 1062 539 κων.

259 595 338 652 cules
349 593 421 650 alter
429 591 611 650 Florentinus
623 605 666 649 est
677 589 836 650 Claudiano
847 613 855 661 ;
867 589 949 666 cujus
957 590 1035 647 enim
1045 588 1157 666 plectra
1168 601 1283 658 movet,

260 699 426 776 excutitque
440 703 589 756 Musarum
604 711 688 755 antra
700 697 809 756 diutius
819 698 976 768 cessantia,
990 710 1019 755 et
1029 695 1160 778 placidos
1171 696 1202 754 in
1212 695 1285 754 orbe

262 804 366 863 choros
383 802 480 876 ducit;
497 805 601 880 129-52.

615 951 898 980 ...ψ-

226 1059 361 1180 Oria
379 1107 491 1200 sopitis
509 1119 621 1198 ageret
642 1109 745 1196 quum
767 1102 917 1173 cantibus
935 1105 1107 1200 Orpheus,

276 1210 536 1306 Neglectumque
554 1209 612 1278 diu
630 1209 830 1304 seposuisset
845 1209 947 1299 ebur3

223 1319 400 1412 Lugebant
417 1331 531 1412 erepta
549 1318 611 1386 sibi
630 1313 745 1385 solatia
760 1313 944 1411 Nympha,

277 1424 453 1517 Lugebant
471 1421 583 1492 dulces
602 1423 737 1494 flumina
755 1437 873 1492 moesta
890 1423 1016 1493 modos.

223 1532 315 1600 Saeva
333 1528 409 1598 feris
429 1544 549 1598 natura
566 1529 665 1615 redit,
683 1543 899 1623 metuensque
916 1528 1049 1598 leonum
1277 1563 1289 1597 s

280 1633 439 1729 implorat
456 1636 589 1706 citharae
607 1660 709 1706 vacca
726 1638 865 1704 tacentis
883 1661 991 1731 opem.

224 1739 318 1812 Illius
336 1755 370 1810 ct
387 1740 462 1810 duri
480 1741 600 1811 flevere
619 1741 746 1811 silentia
764 1756 911 1831 montes,

279 1846 431 1942 Silvaque
450 1849 629 1918 Bistoniam
648 1873 733 1944 saepe
752 1861 866 1918 secuta
883 1847 1011 1942 chelyn.

227 1952 292 2026 sed
311 1969 485 2049 postquam
503 1955 646 2024 Inachiis
663 1953 794 2024 Alcides
815 1957 935 2024 missus
957 1955 999 2023 ab
1017 1955 1113 2048 Argis

279 2061 420 2131 Thracia
438 2060 584 2156 pacifero
606 2063 744 2156 contigit
765 2085 846 2129 arva
863 2060 968 2157 pede,

228 2168 375 2262 Diraque
394 2171 564 2262 sanguinei
581 2171 681 2236 vertit
697 2169 856 2263 praesepia
873 2169 979 2262 regis,

281 2277 324 2342 Et
342 2275 543 2344 Diomedeos
563 2277 710 2369 gramine
728 2276 823 2369 pavit
838 2300 941 2369 equos
957 2301 967 2358 ;

227 2383 313 2448 Tum
331 2381 445 2474 patrias
463 2379 546 2451 festo
565 2380 691 2451 laetatus
710 2396 861 2476 tempore
882 2395 973 2449 vates

283 2488 436 2557 Desuetae
455 2489 574 2582 repetit
591 2486 646 2555 fila
665 2511 787 2564 canora
805 2486 899 2580 lyras,

269 2694 343 2747 Nihil
356 2694 436 2747 hahet
446 2694 501 2747 hac
513 2695 649 2765 praefatio,
665 2691 740 2765 quod
789 2692 833 2757 15,
844 2691 886 2744 vel
897 2689 931 2743 ad
943 2690 1061 2752 laminas,
1076 2689 1172 2758 quibus
1185 2689 1242 2760 ipsa
1253 2690 1292 2742 cl·

230 2792 291 2825 cnm
310 2786 465 2842 argumento
483 2773 546 2826 libri
567 2775 740 2844 conjunctum
784 2770 859 2825 thara
873 2782 966 2823 ornata
978 2781 1025 2822 est.

231 2852 265 2905 sit
280 2864 286 2897 τ
299 2851 352 2902 nisi
364 2848 439 2921 quod
449 2850 500 2903 hoc
510 2853 596 2905 voluit
606 2851 724 2911 indicare
731 2892 740 2918 ‚
832 2850 858 2903 5.
886 2849 1011 2920 Orpheus
1037 2849 1203 2920 mitigaverat
1225 2850 1314 2907 feras.

230 2943 290 3001 post
301 2930 402 2982 librum
415 2930 532 3001 primum
544 2929 578 2985 de
589 2911 741 3002 raptu'Pro-
784 2942 863 2983 cantu
884 2948 891 2981 :
910 2928 957 2981 illo
976 2940 1092 2981 cessante
1112 2928 1294 2982 redactorum.

231 3009 358 3080 serpinaa,
368 3008 479 3079 jacuisse
489 3028 566 3080 opus,
575 3010 660 3062 donec
673 3012 741 3061 exci·
784 3010 891 3063 Nemini
900 3028 955 3061 non
966 3008 1024 3061 noti
1033 3027 1088 3061 esse
1096 3007 1195 3067 debent
1202 3026 1293 3060 versus

231 3100 299 3142 tatus
312 3088 494 3141 aFlorentino
506 3106 566 3153 suo,
579 3090 658 3142 Poeta
665 3088 740 3141 hunc
784 3090 877 3143 Horat
888 3087 923 3141 de
933 3088 998 3141 arte
1007 3089 1080 3141 Poet.
1094 3088 1161 3157 391,
1170 3088 1294 3141 summa

229 3170 343 3222 alterum
361 3184 468 3239 quoque
484 3168 582 3223 librum
597 3170 738 3239 proferret.
784 3170 888 3222 mahts
899 3173 1149 3240 sacertuterpresqne,
1162 3180 1212 3221 etc.

229 3247 282 3301 Sed
300 3261 388 3319 potest
405 3261 490 3300 tamen
509 3246 543 3299 ad
561 3247 740 3320 quodcunque
831 3252 859 3305 8·
872 3246 962 3313 Quam
970 3269 1049 3303 versu
1063 3250 1206 3310 lieitlraram
1219 3245 1293 3300 dixe-

229 3326 301 3380 alind
317 3346 385 3397 opus
398 3346 428 3379 ea
442 3326 643 3381 accommodari.
660 3329 739 3382 Sum·
783 3342 876 3394 rat‚ea
885 3330 930 3382 hic
938 3330 1028 3402 chelys,
1038 3348 1084 3382 seu
1094 3326 1199 3384 testudo
1209 3339 1258 3390 est,
1266 3340 1295 3378 et

163 3424 164 3429 ¹
228 3424 285 3467 ma,
309 3406 435 3477 Orpheus
457 3426 539 3477 quum
561 3420 671 3465 cantum
691 3410 740 3463 ali·
783 3428 811 3462 v.
827 3416 858 3473 14
878 3410 941 3481 trra.
961 3410 997 3462 Et
1015 3411 1051 3462 ita
1068 3409 1220 3481 promiscue
1236 3405 1294 3459 haec

230 3484 356 3553 quamdiu
371 3486 568 3552 intermisisset,
584 3486 617 3540 ad
634 3506 739 3543 sumen·
783 3488 948 3543 adhibentur
961 3509 976 3542 a
989 3490 1092 3561 poetis,
1108 3501 1140 3541 ut
1151 3485 1294 3540 discrima

230 3566 292 3619 dani
309 3563 398 3619 denuo
414 3566 500 3635 lyram
515 3568 548 3619 ah
563 3567 678 3622 Hercule
694 3588 739 3621 ex·
784 3567 871 3624 adhuc
885 3571 1029 3634 constitui,
1041 3568 1114 3642 quod
1127 3567 1223 3632 mium,
1238 3584 1294 3619 non

231 3648 325 3701 citatus
338 3658 389 3707 est;
405 3659 497 3699 auctor
513 3648 638 3699 carminis
651 3668 665 3701 a
678 3648 739 3702 Flo-
783 3652 911 3721 potnerit.
926 3682 967 3692 -
982 3650 1094 3702 Bistonia
1109 3660 1148 3701 est
1162 3646 1293 3700 Thracia,

229 3728 344 3781 reatino.
365 3727 427 3780 Fuit
442 3725 487 3779 ille
505 3727 647 3781 Praefectus
665 3728 739 3781 urbis
783 3730 916 3782 theatrum
929 3730 1041 3802 Orphei.

229 3826 271 3861 an.
290 3808 356 3875 396.
369 3808 435 3872 Qua·
450 3808 520 3878 leges
534 3806 569 3861 ad
581 3808 658 3861 illum
673 3805 740 3861 datas
825 3828 853 3878 9.
865 3811 971 3863 Inacln‘i's
981 3822 1022 3863 eet
1031 3808 1299 3880 geogrnphunaenon¹

230 3888 297 3952 sint,
320 3899 424 3939 enarrat
443 3888 569 3950 Gotholr.
592 3888 619 3939 in
643 3888 739 3941 Prosc·
784 3902 811 3942 et
824 3888 904 3944 docet
918 3892 982 3943 sitos
995 3908 1050 3943 esse
1067 3887 1100 3940 ad
1120 3886 1219 3939 flumen
1233 3887 1295 3937 Ina·

230 3986 305 4039 pogr.
322 3965 389 4018 Cod.
404 3966 508 4020 Theod.
784 3970 867 4022 chum
880 3972 972 4041 Argos.

277 4066 302 4099 a.
318 4044 389 4096 Ebur
402 4046 445 4098 rel
464 4046 496 4099 ad
513 4044 607 4119 plectri
621 4048 676 4101 sive
691 4066 738 4119 pe·
827 4068 872 4103 ta.
890 4051 930 4102 De
948 4046 1085 4102 Diomedis
1102 4047 1176 4119 equis
1189 4042 1242 4098 vid.
1259 4041 1293 4093 ad

229 4126 306 4179 erinis
318 4125 454 4179 materiem
465 4128 589 4193 retertur,
603 4127 700 4199 dequo
711 4148 737 4183 v.
784 4131 838 4194 111,
855 4130 917 4189 iit.
