3034 4900
291 494 364 575 dra
585 490 841 559 ANONYMI
868 490 1051 559 POETAE

289 622 402 715 thue
419 619 510 689 rudis
528 620 637 715 primo
655 623 789 691 tentasti
806 622 927 690 robore
947 644 1097 715 gressus,

289 725 466 796 Frondosae
480 727 610 797 deserta
627 753 731 823 vagus
748 725 929 822 penetralia
947 727 1037 796 silvae

290 836 414 903 Secura
427 836 497 927 jam
516 849 623 905 matre
640 836 742 929 petis,
759 833 896 929 telisque
914 832 1092 903 tremendis

289 938 410 1027 Ludis,
428 955 462 1009 et
478 940 630 1010 attrei-ias
651 940 795 1011 adducto
813 940 926 1034 dejicis
947 964 1028 1009 areu
1148 1022 1151 1031 ,

290 1048 359 1114 Aut
377 1045 479 1115 sunda
496 1044 658 1117 violenter
675 1071 773 1132 aves,
790 1061 988 1140 noctemque
1006 1046 1067 1115 sub
1085 1048 1179 1115 astris

288 1153 418 1245 Exigis,
439 1168 473 1222 et
491 1178 610 1247 puram
630 1152 742 1223 fractis
763 1154 846 1223 bibis
866 1153 1018 1221 amnibus
1040 1152 1171 1222 undam.

340 1260 525 1328 immanem
546 1261 671 1329 interea
686 1261 821 1329 Nemeae
842 1284 902 1353 per
922 1258 1025 1327 lustra
1044 1257 1171 1329 leonem
1324 1294 1349 1345 ⁷⁵

288 1364 365 1458 lpsa
381 1364 572 1438 Chimaeraea
590 1379 719 1434 cretum
735 1366 777 1434 de
796 1380 892 1461 gente
910 1389 1055 1434 noverea

287 1471 328 1536 In
347 1483 404 1537 tua
422 1470 564 1565 depastis
582 1471 731 1540 armabat
748 1486 826 1541 vota
841 1473 1006 1565 juvencis,

287 1574 504 1670 Augebatque
522 1578 592 1647 fero
610 1580 717 1662 vires,
736 1578 927 1673 rabiemque
942 1577 1098 1671 juvabat,

287 1680 450 1749 Naturam
470 1685 579 1753 minus
598 1710 668 1753 esse
688 1699 809 1777 putans
829 1710 836 1751 :
854 1684 919 1751 heu
942 1698 1065 1777 quanta
1086 1684 1233 1753 virorum

287 1784 434 1855 Funera!
454 1814 553 1883 quam
570 1790 692 1859 multos
709 1792 826 1861 stravit
841 1816 916 1859 cum
935 1789 1088 1859 dentibus
1107 1787 1220 1884 apros!
1324 1820 1349 1857 so

287 1891 364 1961 Non
382 1892 473 1964 illum
494 1921 622 1992 magnae
641 1898 782 1965 viduatis
801 1896 966 1965 moenibus
987 1896 1086 1964 urbes

285 2000 464 2069 Armorum
483 2002 611 2098 fregere
630 2006 745 2089 minis,
759 2006 926 2096 Martique
945 2000 1111 2071 domando

286 2108 442 2176 Assuetas
460 2134 573 2179 morsu
589 2109 675 2179 fudit
691 2113 843 2203 graviore
862 2124 1020 2178 catervas.

287 2215 387 2281 Hunc
405 2217 514 2307 gravis
531 2216 736 2309 Eurystheus
753 2210 862 2302 lnam,
881 2229 914 2283 te
929 2238 1138 2309 quocumque
1155 2212 1297 2301 levares,

287 2321 468 2413 Imperium
487 2321 562 2389 duri
580 2322 684 2392 voluit
699 2323 838 2391 sufferre
855 2324 985 2414 tyranni
1324 2348 1349 2387 ss

285 2417 339 2495 Sic
359 2427 484 2496 mundo
506 2430 652 2498 Fortuna
674 2426 819 2516 favens),
838 2429 928 2498 bunc
950 2442 1095 2498 sternere
1115 2424 1181 2494 loto

285 2534 441 2628 imperat.
461 2538 506 2604 At
527 2535 654 2604 nullum
672 2538 777 2604 virtus
799 2535 965 2604 reticenda
983 2559 1044 2630 per
1064 2558 1191 2620 oevum,

326 2729 372 2790 74.
380 2723 469 2775 Praeti
479 2741 569 2776 amnes
579 2725 616 2776 ob
628 2723 794 2794 glaciem,de
839 2723 916 2776 fatale
931 2735 1005 2789 erat,
1030 2736 1056 2775 te
1075 2723 1225 2793 Eurystheo
1245 2741 1349 2793 parere.

286 2818 338 2870 qua
349 2801 430 2854 modo
443 2802 714 2857 dictum—Crudum
724 2807 793 2874 conj.
839 2804 897 2856 Hoc
911 2822 976 2855 vero
997 2804 1084 2874 ipsum
1101 2804 1214 2855 salutare
1233 2804 1284 2858 tuit
1304 2823 1350 2874 ge·

284 2878 378 2933 Heius.
838 2885 896 2935 neri
907 2883 1042 2946 humano,
1051 2881 1124 2953 quod
1135 2883 1173 2933 sic
1187 2883 1349 2935 liberabatur

326 2977 373 3031 77.
384 2959 459 3025 Quid
472 2961 494 3014 si
505 2962 537 3014 ln
549 2981 608 3025 sua,
621 2962 663 3014 vel
676 2962 708 3015 Ia
722 2974 792 3016 tua...
838 2963 973 3015 monstris.
995 2963 1104 3015 Confer.
1123 2961 1261 3024 XXXVI,
1282 2962 1348 3032 378.

280 3040 366 3105 sata?
838 3041 910 3094 Illud
931 3041 1015 3094 fatum
1037 3061 1087 3093 nos
1107 3039 1185 3093 dooet
1204 3040 1347 3112 Appollod.

326 3119 619 3174 subsannantibus
630 3121 673 3173 rel
685 3133 793 3172 constru-
839 3123 882 3184 ΙΙ,
899 3140 943 3186 rr,
964 3123 994 3184 5,
1008 3123 1139 3191 itemque,
1158 3119 1206 3173 sed
1222 3139 1277 3172 non
1291 3122 1349 3172 sine

285 3202 320 3249 vit
332 3200 444 3251 messibus
456 3203 526 3270 conj.
540 3199 633 3253 Heius.
648 3233 689 3244 --
703 3202 752 3252 Leo
768 3214 794 3255 et
838 3201 1061 3272 interpolatione,
1078 3202 1178 3253 Tzotaes
1191 3199 1224 3252 ad
1240 3199 1348 3252 Hesiod.

283 3298 343 3348 aper
358 3279 602 3351 par·compositum
619 3280 699 3332 etiam
713 3299 794 3351 supra
839 3283 951 3334 Scutum
966 3281 1045 3333 Herc.
1064 3299 1110 3350 9¹·
1124 3280 1260 3342 Breviter,
1276 3282 1348 3348 jurn-

284 3375 312 3410 u.
337 3358 384 3412 53.
401 3358 453 3411 Hie
471 3361 527 3411 Leo
543 3361 682 3412 Nemeaeus
701 3362 795 3416 stravit
838 3373 912 3412 verat
930 3361 1037 3430 Jupiter
1051 3351 1229 3430 preceps(ut
1242 3372 1304 3411 sunt
1319 3359 1346 3410 in

283 3455 362 3507 apros
381 3457 435 3491 nne
454 3458 507 3490 cum
527 3440 638 3490 dentibus
655 3441 795 3511 ipsorum,
839 3440 887 3492 tali
901 3457 931 3491 re
950 3431 1039 3508 reges)
1059 3439 1104 3509 qui
1119 3438 1152 3492 de
1165 3437 1253 3491 Persei
1268 3439 1350 3508 stirpe

281 3517 381 3587 quibus
402 3518 465 3570 elias
490 3530 552 3571 eunt
572 3520 652 3572 etium
673 3519 795 3572 leonibus
840 3531 911 3572 certo
921 3517 965 3570 die
973 3517 1221 3579 nasceretur,illum
1230 3519 1350 3587 Mycenis

284 3597 426 3651 terribiles.
840 3599 1042 3668 imperaturum.
1055 3595 1171 3649 Gravida
1185 3609 1241 3649 erat
1255 3596 1349 3649 eodem

324 3677 797 3732 81.M0mtbusmrectaver.—Unt-
840 3691 960 3748 tempore
979 3694 1047 3728 usor
1070 3676 1200 3740 Stheneli,
1217 3677 1264 3746 qui
1287 3677 1350 3728 Per·

283 3758 354 3810 versi
364 3759 472 3811 urbium
484 3759 578 3811 incolae
591 3759 690 3811 relictis
704 3758 797 3808 moeni·
840 3758 878 3810 sei
902 3757 972 3808 lilius
999 3769 1055 3808 erat
1080 3775 1135 3808 non
1160 3757 1250 3807 minus
1271 3773 1350 3826 quum

284 3837 336 3888 hm
346 3838 375 3890 iu
390 3837 587 3910 expeditionem
595 3839 667 3890 ivero
679 3850 707 3889 et
718 3855 796 3891 rena·
840 3837 972 3888 Alcmenae
998 3849 1074 3905 pater
1102 3835 1255 3903 Electryon.
1278 3835 1350 3887 Juno

285 3926 351 3968 tum.
363 3919 468 3970 Martem
481 3920 579 3971 domare
594 3917 639 3970 hic
653 3930 692 3970 est
706 3933 795 3986 pugna
840 3913 954 3985 impedit
967 3915 1114 3985 legitimum
1129 3925 1235 3985 partum
1248 3915 1351 3966 Hercu-

286 4005 312 4045 et
326 3997 406 4049 armis
419 3998 537 4050 vincere.
840 3996 885 4058 lis,
898 3993 932 4046 de
947 4013 1001 4066 quo
1014 4013 1039 4046 r.
1058 3993 1108 4054 23,
1122 3993 1271 4063 praecipitat
1282 3994 1350 4045 nnti-

327 4075 374 4137 84.
387 4077 565 4140 Qunutumvis
577 4077 629 4128 alte
642 4072 796 4128 ascenderes
840 4075 947 4128 ritatem
954 4074 1125 4144 septimestris
1132 4071 1273 4140 Eurysthei
1282 4111 1290 4140 ,
1300 4085 1350 4126 etc.

288 4152 371 4226 gloria
394 4168 420 4208 et
446 4157 526 4227 rebus
550 4154 686 4226 gerendis,
709 4167 796 4207 tamen
840 4153 998 4208 -lllorores
1010 4154 1079 4224 oonj.
1095 4151 1229 4245 Heinpius.
