3034 4900
274 459 348 546 364
555 462 630 529 CL.
659 457 964 529 CLAUDIANI
993 460 1055 527 LI.

271 596 351 662 Hoec
369 591 486 687 procul
504 608 659 689 angustat
675 617 821 689 sparsaS,
839 595 1027 689 spargitque
1043 606 1191 679 coactaS,

325 702 404 768 llaec
426 699 512 767 sistit
533 698 681 793 rapidas,
700 700 771 769 haec
790 725 969 795 properare
986 699 1071 768 facit.

273 809 371 873 Laeva
391 804 506 899 jubet?
524 802 608 874 laevo
626 805 796 875 deducunt
814 805 917 876 limite
937 832 1094 902 gressum.

326 912 470 979 Mutavit
490 910 687 1006 strepitum?
706 912 892 983 dexteriora
911 927 1037 1008 petunt.

271 1020 344 1087 Nec
361 1015 477 1086 vinclis
493 1016 644 1105 famula,
662 1044 724 1087 nec
746 1018 897 1088 libertate
916 1019 1061 1102 feroces,

325 1126 441 1192 Exutae
459 1122 601 1218 laqueis,
620 1125 682 1194 sub
700 1125 824 1194 ditione
843 1140 977 1195 tamen:

272 1232 510 1323 Consensuque
530 1254 646 1324 pares,
665 1245 701 1299 et
717 1229 815 1300 fulvis
833 1230 974 1327 pellibus
989 1231 1083 1300 hirtae

324 1336 449 1406 Esseda
467 1336 647 1407 concordes
664 1337 881 1407 multisonora
898 1338 1043 1407 trahunt.

273 1444 421 1529 Miraris,
438 1444 464 1512 si
481 1466 565 1512 voce
582 1442 667 1514 feras
682 1446 853 1539 pacaverit
869 1444 1041 1539 Orpheus,

323 1549 437 1637 Quum
454 1574 576 1643 pronas
592 1550 736 1645 pecudes
754 1550 883 1621 Gallica
900 1551 1001 1620 verba
1019 1548 1156 1645 regant?

271 1774 322 1827 pro
333 1775 380 1808 ore
391 1756 495 1810 frenato
507 1769 563 1823 est,
576 1758 619 1810 vel
632 1757 739 1810 frenum
752 1758 781 1810 in
826 1760 884 1811 Bas.
900 1758 985 1812 Plant.
1002 1760 1077 1811 limite
1099 1778 1208 1821 cursura,
1225 1757 1284 1811 ald.
1312 1771 1339 1811 et

241 1870 244 1876 ·
274 1855 338 1888 aare
346 1849 400 1902 est,
414 1849 445 1889 ut
456 1837 540 1908 possis
548 1850 704 1891 convertere
713 1836 783 1891 illud
827 1838 1150 1908 MS.limltegi-essam‚Bas.
1159 1856 1241 1910 marg.
1249 1839 1336 1910 Raph.

274 1916 449 1969 Horatianum
476 1917 560 1988 Epist.
589 1918 624 1982 1,
644 1938 698 1977 xv,
728 1918 782 1972 13:
826 1918 1032 1972 Clavenlleins.

278 2023 288 2043 ·
303 1994 349 2049 sed
358 1997 420 2067 equi
428 1997 530 2050 frenato
539 2010 578 2051 est
585 1998 657 2050 auris
665 1996 694 2050 in
701 2016 755 2052 ore.
769 2024 780 2045 ι
872 2016 916 2068 ¹7·
932 2000 974 2052 An
982 2000 1059 2067 sidcis
1068 2000 1176 2051 leonum
1186 1998 1289 2070 pellibus
1302 2008 1339 2050 te-

317 2095 363 2129 11.
386 2078 527 2146 Angustam
544 2090 584 2132 est
601 2078 629 2130 in
645 2078 784 2150 angustius
829 2080 1063 2149 gebanturmalc?
1074 2078 1337 2150 Sicputo,illaepraa·

274 2155 388 2227 spatium
399 2156 616 2228 cogere‚ut8tat.
625 2158 785 2224 Thenxn,
829 2158 936 2225 sertim,
949 2179 1008 2232 quae
1022 2158 1119 2214 essedis
1132 2161 1230 2231 junctae
1243 2169 1335 2211 essent.

275 2240 344 2299 666,
355 2237 457 2289 Theseus
464 2224 561 2308 affirm
569 2250 694 2308 agustat,
703 2240 783 2309 cogit.
829 2238 877 2291 Ha
897 2258 1003 2312 quoque
1024 2239 1105 2293 frenis
1115 2278 1128 2315 ‚A
1148 2250 1178 2299 ut
1195 2236 1337 2299 videmus,

319 2334 361 2369 ra.
376 2316 440 2369 Haec
450 2330 565 2389 properat
577 2318 664 2370 resides
678 2319 786 2373 volebat
829 2332 981 2375 caruerunt.

274 2396 407 2450 Barthius.
427 2432 429 2437 ·
873 2418 917 2469 19.
932 2400 1022 2461 Fam
1038 2395 1167 2469 quamdiu
1181 2398 1243 2450 ferar
1259 2409 1338 2460 sunt,

318 2477 362 2530 13.
383 2478 458 2530 Lara
466 2478 536 2547 jubet
552 2478 730 2550 intelligamus
740 2497 785 2548 pe·
830 2479 899 2532 bella
927 2497 987 2531 cum
1015 2478 1047 2530 iis
1070 2477 1204 2547 gerimus:
1219 2488 1340 2547 pacantur

276 2569 341 2610 tere:
356 2569 387 2610 ut
396 2556 478 2610 hodie
491 2576 546 2610 non
557 2557 640 2610 modo
649 2559 679 2609 in
692 2575 786 2626 regen·
830 2576 911 2628 quum
924 2567 1115 2610 mansuescunt·
1127 2555 1171 2608 Sic
1182 2573 1223 2607 eas
1235 2556 1340 2626 pacavit

275 2636 317 2690 dis
330 2637 505 2703 animalibus,
519 2636 565 2690 sed
579 2639 607 2690 in
626 2636 785 2689 militaribus
829 2635 961 2706 Orpheus.

275 2717 354 2769 etiarn
366 2717 504 2786 imperiis,
515 2735 569 2768 uno
579 2718 678 2782 verbo,
687 2727 714 2768 et
726 2734 784 2767 rno-
871 2735 915 2768 ao.
924 2718 1020 2767 Pronus
1029 2715 1177 2775 interram,
1189 2725 1220 2765 nt
1233 2713 1261 2764 in
1275 2712 1337 2780 illo,

276 2797 430 2866 nosyllabus
449 2797 471 2848 si
492 2797 552 2847 fieri
572 2797 670 2867 possit,
689 2796 784 2867 jubent
828 2801 930 2853 Pronaque
941 2815 1001 2853 quum
1015 2798 1244 2854 spoeunranimlin.....
1256 2809 1336 2854 ιςπιιιι,

275 2876 423 2928 velvetant.
434 2907 474 2917 —
488 2875 580 2927 Ordine
588 2895 696 2938 currum,
707 2876 783 2926 tunt.
829 2869 907 2926 Osid.
925 2872 989 2926 Met.
1006 2874 1035 2939 1,
1052 2875 1097 2935 84.
