<?xml version="1.0" encoding="UTF-8"?>
<!DOCTYPE html PUBLIC "-//W3C//DTD XHTML 1.0 Transitional//EN"
    "http://www.w3.org/TR/xhtml1/DTD/xhtml1-transitional.dtd">
<html xmlns="http://www.w3.org/1999/xhtml" xml:lang="en" lang="en">
 <head>
  <title>
</title>
<meta http-equiv="Content-Type" content="text/html;charset=utf-8" />
  <meta name='ocr-system' content='tesseract 3.04.00' />
  <meta name='ocr-capabilities' content='ocr_page ocr_carea ocr_par ocr_line ocrx_word'/>
</head>
<body>
  <div class='ocr_page' id='page_1' title='image "./claudiiclaudian01artagoog_0263.png"; bbox 0 0 3034 4900; ppageno 0'>
   <div class='ocr_carea' id='block_1_1' title="bbox 370 509 1278 603">
    <p class='ocr_par' dir='ltr' id='par_1_1' title="bbox 370 509 1278 603">
     <span class='ocr_line' id='line_1_1' title="bbox 370 509 1278 603; baseline -0.003 -24"><span class='ocrx_word' id='word_1_1' title='bbox 370 512 438 579; x_wconf 91' lang='lat' dir='ltr'><strong>DE</strong></span> <span class='ocrx_word' id='word_1_2' title='bbox 464 510 641 578; x_wconf 84' lang='lat' dir='ltr'><strong>RAPTU</strong></span> <span class='ocrx_word' id='word_1_3' title='bbox 667 511 917 579; x_wconf 85' lang='lat' dir='ltr'><strong>PROSERP.</strong></span> <span class='ocrx_word' id='word_1_4' title='bbox 947 509 1042 577; x_wconf 92' lang='lat' dir='ltr'><strong>LIB.</strong></span> <span class='ocrx_word' id='word_1_5' title='bbox 1070 510 1118 575; x_wconf 86' lang='lat'><strong>11.</strong></span> <span class='ocrx_word' id='word_1_6' title='bbox 1202 511 1278 603; x_wconf 65' lang='lat'><strong>²49</strong></span> 
     </span>
    </p>
   </div>
   <div class='ocr_carea' id='block_1_2' title="bbox 216 644 1285 2014">
    <p class='ocr_par' dir='ltr' id='par_1_2' title="bbox 216 644 1285 2014">
     <span class='ocr_line' id='line_1_2' title="bbox 217 644 1279 737; baseline -0.005 -23"><span class='ocrx_word' id='word_1_7' title='bbox 217 645 374 730; x_wconf 85' lang='lat' dir='ltr'><strong>Portitor,</strong></span> <span class='ocrx_word' id='word_1_8' title='bbox 390 656 423 711; x_wconf 89' lang='lat' dir='ltr'><strong>et</strong></span> <span class='ocrx_word' id='word_1_9' title='bbox 444 665 567 711; x_wconf 87' lang='lat' dir='ltr'><strong>vacuos</strong></span> <span class='ocrx_word' id='word_1_10' title='bbox 589 644 656 737; x_wconf 88' lang='lat' dir='ltr'><strong>egit</strong></span> <span class='ocrx_word' id='word_1_11' title='bbox 676 667 754 711; x_wconf 86' lang='lat' dir='ltr'><strong>curn</strong></span> <span class='ocrx_word' id='word_1_12' title='bbox 774 644 919 712; x_wconf 83' lang='lat' dir='ltr'><strong>carmine</strong></span> <span class='ocrx_word' id='word_1_13' title='bbox 938 666 1057 711; x_wconf 87' lang='lat' dir='ltr'><strong>remos.</strong></span> <span class='ocrx_word' id='word_1_14' title='bbox 1240 669 1279 709; x_wconf 75' lang='lat' dir='ltr'><strong>ss·</strong></span> 
     </span>
     <span class='ocr_line' id='line_1_3' title="bbox 268 747 1103 844; baseline -0.007 -24"><span class='ocrx_word' id='word_1_15' title='bbox 268 753 341 820; x_wconf 87' lang='lat' dir='ltr'><strong>Jam</strong></span> <span class='ocrx_word' id='word_1_16' title='bbox 360 773 438 818; x_wconf 88' lang='lat' dir='ltr'><strong>suus</strong></span> <span class='ocrx_word' id='word_1_17' title='bbox 455 747 585 819; x_wconf 86' lang='lat' dir='ltr'><strong>inferno</strong></span> <span class='ocrx_word' id='word_1_18' title='bbox 602 764 809 844; x_wconf 84' lang='lat' dir='ltr'><strong>processerat</strong></span> <span class='ocrx_word' id='word_1_19' title='bbox 826 752 994 843; x_wconf 86' lang='lat' dir='ltr'><strong>Hesperus</strong></span> <span class='ocrx_word' id='word_1_20' title='bbox 1012 747 1103 817; x_wconf 90' lang='lat' dir='ltr'><strong>orbi:</strong></span> 
     </span>
     <span class='ocr_line' id='line_1_4' title="bbox 216 853 1109 952; baseline -0.004 -26"><span class='ocrx_word' id='word_1_21' title='bbox 216 857 360 926; x_wconf 87' lang='lat' dir='ltr'><strong>Ducitur</strong></span> <span class='ocrx_word' id='word_1_22' title='bbox 377 858 411 924; x_wconf 92' lang='lat' dir='ltr'><strong>in</strong></span> <span class='ocrx_word' id='word_1_23' title='bbox 429 853 613 925; x_wconf 79' lang='lat' dir='ltr'><strong>thalamum</strong></span> <span class='ocrx_word' id='word_1_24' title='bbox 631 857 747 952; x_wconf 85' lang='lat' dir='ltr'><strong>virgo;</strong></span> <span class='ocrx_word' id='word_1_25' title='bbox 766 869 831 925; x_wconf 91' lang='lat' dir='ltr'><strong>stat</strong></span> <span class='ocrx_word' id='word_1_26' title='bbox 848 855 1001 949; x_wconf 84' lang='lat' dir='ltr'><strong>pronuba</strong></span> <span class='ocrx_word' id='word_1_27' title='bbox 1015 855 1109 948; x_wconf 79' lang='lat' dir='ltr'><strong>juxta</strong></span> 
     </span>
     <span class='ocr_line' id='line_1_5' title="bbox 216 960 1068 1056; baseline -0.005 -24"><span class='ocrx_word' id='word_1_28' title='bbox 216 960 388 1032; x_wconf 78' lang='lat' dir='ltr'><strong>stellantes</strong></span> <span class='ocrx_word' id='word_1_29' title='bbox 404 963 481 1033; x_wconf 80' lang='lat' dir='ltr'><strong>Nox</strong></span> <span class='ocrx_word' id='word_1_30' title='bbox 502 963 590 1056; x_wconf 91' lang='lat' dir='ltr'><strong>picta</strong></span> <span class='ocrx_word' id='word_1_31' title='bbox 611 964 719 1048; x_wconf 90' lang='lat' dir='ltr'><strong>sinus,</strong></span> <span class='ocrx_word' id='word_1_32' title='bbox 739 977 941 1056; x_wconf 82' lang='lat' dir='ltr'><strong>tangensque</strong></span> <span class='ocrx_word' id='word_1_33' title='bbox 961 960 1068 1031; x_wconf 85' lang='lat' dir='ltr'><strong>cubile</strong></span> 
     </span>
     <span class='ocr_line' id='line_1_6' title="bbox 218 1067 965 1164; baseline -0.001 -27"><span class='ocrx_word' id='word_1_34' title='bbox 218 1069 342 1137; x_wconf 90' lang='lat' dir='ltr'><strong>Omina</strong></span> <span class='ocrx_word' id='word_1_35' title='bbox 359 1083 520 1163; x_wconf 86' lang='lat' dir='ltr'><strong>perpetuo</strong></span> <span class='ocrx_word' id='word_1_36' title='bbox 538 1068 692 1164; x_wconf 83' lang='lat' dir='ltr'><strong>genitalia</strong></span> <span class='ocrx_word' id='word_1_37' title='bbox 709 1067 833 1138; x_wconf 87' lang='lat' dir='ltr'><strong>foedere</strong></span> <span class='ocrx_word' id='word_1_38' title='bbox 851 1069 965 1138; x_wconf 86' lang='lat' dir='ltr'><strong>sancit.</strong></span> 
     </span>
     <span class='ocr_line' id='line_1_7' title="bbox 216 1172 1281 1270; baseline -0.004 -27"><span class='ocrx_word' id='word_1_39' title='bbox 216 1173 394 1244; x_wconf 85' lang='lat' dir='ltr'><strong>Exsultant</strong></span> <span class='ocrx_word' id='word_1_40' title='bbox 414 1199 490 1244; x_wconf 92' lang='lat' dir='ltr'><strong>cum</strong></span> <span class='ocrx_word' id='word_1_41' title='bbox 511 1199 594 1244; x_wconf 84' lang='lat' dir='ltr'><strong>voce</strong></span> <span class='ocrx_word' id='word_1_42' title='bbox 615 1176 680 1270; x_wconf 92' lang='lat' dir='ltr'><strong>pii,</strong></span> <span class='ocrx_word' id='word_1_43' title='bbox 697 1176 851 1270; x_wconf 84' lang='lat' dir='ltr'><strong>Ditisque</strong></span> <span class='ocrx_word' id='word_1_44' title='bbox 873 1174 935 1244; x_wconf 88' lang='lat' dir='ltr'><strong>sub</strong></span> <span class='ocrx_word' id='word_1_45' title='bbox 955 1172 1030 1242; x_wconf 93' lang='lat' dir='ltr'><strong>aula</strong></span> <span class='ocrx_word' id='word_1_46' title='bbox 1243 1201 1281 1240; x_wconf 77' lang='lat' dir='ltr'><strong>so</strong></span> 
     </span>
     <span class='ocr_line' id='line_1_8' title="bbox 217 1278 946 1376; baseline -0.003 -27"><span class='ocrx_word' id='word_1_47' title='bbox 217 1278 308 1349; x_wconf 88' lang='lat' dir='ltr'><strong>Talia</strong></span> <span class='ocrx_word' id='word_1_48' title='bbox 327 1279 480 1376; x_wconf 84' lang='lat' dir='ltr'><strong>pervigili</strong></span> <span class='ocrx_word' id='word_1_49' title='bbox 497 1296 634 1351; x_wconf 90' lang='lat' dir='ltr'><strong>sumunt</strong></span> <span class='ocrx_word' id='word_1_50' title='bbox 653 1280 787 1350; x_wconf 82' lang='lat' dir='ltr'><strong>exordia</strong></span> <span class='ocrx_word' id='word_1_51' title='bbox 806 1279 946 1376; x_wconf 89' lang='lat' dir='ltr'><strong>plausu:</strong></span> 
     </span>
     <span class='ocr_line' id='line_1_9' title="bbox 274 1385 1207 1483; baseline -0.001 -31"><span class='ocrx_word' id='word_1_52' title='bbox 274 1416 292 1452; x_wconf 74' lang='grc' dir='ltr'><strong>α</strong></span> <span class='ocrx_word' id='word_1_53' title='bbox 303 1389 424 1456; x_wconf 89' lang='lat' dir='ltr'><strong>Nostra</strong></span> <span class='ocrx_word' id='word_1_54' title='bbox 440 1411 559 1482; x_wconf 88' lang='lat' dir='ltr'><strong>parens</strong></span> <span class='ocrx_word' id='word_1_55' title='bbox 575 1389 594 1456; x_wconf 87' lang='lat' dir='ltr'>J</span> <span class='ocrx_word' id='word_1_56' title='bbox 596 1413 683 1475; x_wconf 85' lang='lat' dir='ltr'><strong>uno,</strong></span> <span class='ocrx_word' id='word_1_57' title='bbox 700 1401 820 1483; x_wconf 88' lang='lat' dir='ltr'><strong>tuque,</strong></span> <span class='ocrx_word' id='word_1_58' title='bbox 836 1413 857 1457; x_wconf 93' lang='lat' dir='ltr'><strong>o</strong></span> <span class='ocrx_word' id='word_1_59' title='bbox 876 1410 1031 1482; x_wconf 88' lang='lat' dir='ltr'><strong>germane</strong></span> <span class='ocrx_word' id='word_1_60' title='bbox 1049 1385 1207 1453; x_wconf 88' lang='lat' dir='ltr'><strong>Tonantis</strong></span> 
     </span>
     <span class='ocr_line' id='line_1_10' title="bbox 216 1493 1040 1588; baseline -0.001 -26"><span class='ocrx_word' id='word_1_61' title='bbox 216 1495 261 1562; x_wconf 86' lang='lat' dir='ltr'><strong>Et</strong></span> <span class='ocrx_word' id='word_1_62' title='bbox 278 1517 395 1588; x_wconf 88' lang='lat' dir='ltr'><strong>gener,</strong></span> <span class='ocrx_word' id='word_1_63' title='bbox 417 1495 566 1563; x_wconf 90' lang='lat' dir='ltr'><strong>unanimi</strong></span> <span class='ocrx_word' id='word_1_64' title='bbox 584 1495 750 1564; x_wconf 91' lang='lat' dir='ltr'><strong>consortia</strong></span> <span class='ocrx_word' id='word_1_65' title='bbox 768 1493 883 1564; x_wconf 82' lang='lat' dir='ltr'><strong>discite</strong></span> <span class='ocrx_word' id='word_1_66' title='bbox 900 1493 1040 1579; x_wconf 86' lang='lat' dir='ltr'><strong>somni,·</strong></span> 
     </span>
     <span class='ocr_line' id='line_1_11' title="bbox 217 1598 993 1693; baseline 0 -27"><span class='ocrx_word' id='word_1_67' title='bbox 217 1600 401 1693; x_wconf 86' lang='lat' dir='ltr'><strong>Mutuaque</strong></span> <span class='ocrx_word' id='word_1_68' title='bbox 421 1598 555 1670; x_wconf 89' lang='lat' dir='ltr'><strong>alternis</strong></span> <span class='ocrx_word' id='word_1_69' title='bbox 576 1601 731 1670; x_wconf 86' lang='lat' dir='ltr'><strong>innectite</strong></span> <span class='ocrx_word' id='word_1_70' title='bbox 750 1599 835 1670; x_wconf 88' lang='lat' dir='ltr'><strong>colla</strong></span> <span class='ocrx_word' id='word_1_71' title='bbox 854 1599 993 1670; x_wconf 87' lang='lat' dir='ltr'><strong>lacertis.</strong></span> 
     </span>
     <span class='ocr_line' id='line_1_12' title="bbox 216 1704 1285 1802; baseline 0.007 -29"><span class='ocrx_word' id='word_1_72' title='bbox 216 1707 290 1774; x_wconf 89' lang='lat' dir='ltr'><strong>Jam</strong></span> <span class='ocrx_word' id='word_1_73' title='bbox 309 1704 388 1775; x_wconf 81' lang='lat' dir='ltr'><strong>felix</strong></span> <span class='ocrx_word' id='word_1_74' title='bbox 409 1707 516 1775; x_wconf 92' lang='lat' dir='ltr'><strong>oritur</strong></span> <span class='ocrx_word' id='word_1_75' title='bbox 532 1705 642 1802; x_wconf 88' lang='lat' dir='ltr'><strong>proles</strong></span> <span class='ocrx_word' id='word_1_76' title='bbox 661 1734 669 1775; x_wconf 75' lang='grc' dir='ltr'><strong><em>ε</em></strong></span> <span class='ocrx_word' id='word_1_77' title='bbox 685 1708 753 1802; x_wconf 89' lang='lat' dir='ltr'><strong>jam</strong></span> <span class='ocrx_word' id='word_1_78' title='bbox 772 1705 845 1777; x_wconf 82' lang='lat' dir='ltr'><strong>laeta</strong></span> <span class='ocrx_word' id='word_1_79' title='bbox 864 1705 992 1776; x_wconf 88' lang='lat' dir='ltr'><strong>futuros</strong></span> <span class='ocrx_word' id='word_1_80' title='bbox 1246 1728 1285 1780; x_wconf 78' lang='lat'><strong>³7⁰</strong></span> 
     </span>
     <span class='ocr_line' id='line_1_13' title="bbox 217 1809 1072 1906; baseline -0.004 -26"><span class='ocrx_word' id='word_1_81' title='bbox 217 1813 396 1906; x_wconf 82' lang='lat' dir='ltr'><strong>Exspectat</strong></span> <span class='ocrx_word' id='word_1_82' title='bbox 414 1814 543 1882; x_wconf 88' lang='lat' dir='ltr'><strong>Natura</strong></span> <span class='ocrx_word' id='word_1_83' title='bbox 564 1815 655 1882; x_wconf 91' lang='lat' dir='ltr'><strong>Deos</strong></span> <span class='ocrx_word' id='word_1_84' title='bbox 677 1839 684 1880; x_wconf 94' lang='lat'>:</span> <span class='ocrx_word' id='word_1_85' title='bbox 708 1838 796 1882; x_wconf 86' lang='lat' dir='ltr'><strong>nova</strong></span> <span class='ocrx_word' id='word_1_86' title='bbox 818 1813 954 1882; x_wconf 88' lang='lat' dir='ltr'><strong>numina</strong></span> <span class='ocrx_word' id='word_1_87' title='bbox 973 1809 1072 1880; x_wconf 90' lang='lat' dir='ltr'><strong>rebus</strong></span> 
     </span>
     <span class='ocr_line' id='line_1_14' title="bbox 217 1916 1019 2014; baseline 0 -29"><span class='ocrx_word' id='word_1_88' title='bbox 217 1916 354 2005; x_wconf 80' lang='lat' dir='ltr'><strong>Addite,</strong></span> <span class='ocrx_word' id='word_1_89' title='bbox 372 1933 407 1988; x_wconf 89' lang='lat' dir='ltr'><strong>et</strong></span> <span class='ocrx_word' id='word_1_90' title='bbox 424 1933 556 2012; x_wconf 88' lang='lat' dir='ltr'><strong>optatos</strong></span> <span class='ocrx_word' id='word_1_91' title='bbox 575 1922 690 1989; x_wconf 84' lang='lat' dir='ltr'><strong>Cereri</strong></span> <span class='ocrx_word' id='word_1_92' title='bbox 709 1918 856 2014; x_wconf 86' lang='lat' dir='ltr'><strong>proferte</strong></span> <span class='ocrx_word' id='word_1_93' title='bbox 874 1932 1019 2014; x_wconf 87' lang='lat' dir='ltr'><strong>nepotes.</strong></span> 
     </span>
    </p>
   </div>
   <div class='ocr_carea' id='block_1_3' title="bbox 216 2117 1289 3393">
    <p class='ocr_par' dir='ltr' id='par_1_3' title="bbox 218 2117 1288 2835">
     <span class='ocr_line' id='line_1_15' title="bbox 260 2117 1284 2196; baseline -0.005 -20"><span class='ocrx_word' id='word_1_94' title='bbox 260 2123 324 2177; x_wconf 77' lang='lat'><strong>361.</strong></span> <span class='ocrx_word' id='word_1_95' title='bbox 339 2123 402 2178; x_wconf 77' lang='lat' dir='ltr'><strong>Suu</strong></span> <span class='ocrx_word' id='word_1_96' title='bbox 414 2125 557 2196; x_wconf 79' lang='lat' dir='ltr'><strong>Hesperus:</strong></span> <span class='ocrx_word' id='word_1_97' title='bbox 571 2144 634 2179; x_wconf 83' lang='lat' dir='ltr'><strong>nam</strong></span> <span class='ocrx_word' id='word_1_98' title='bbox 647 2127 730 2180; x_wconf 87' lang='lat' dir='ltr'><strong>solem</strong></span> <span class='ocrx_word' id='word_1_99' title='bbox 774 2137 861 2179; x_wconf 85' lang='lat' dir='ltr'><strong>totum</strong></span> <span class='ocrx_word' id='word_1_100' title='bbox 869 2125 951 2178; x_wconf 78' lang='lat' dir='ltr'><strong>refert</strong></span> <span class='ocrx_word' id='word_1_101' title='bbox 959 2123 1040 2176; x_wconf 82' lang='lat' dir='ltr'><strong>Poeta</strong></span> <span class='ocrx_word' id='word_1_102' title='bbox 1053 2117 1284 2193; x_wconf 68' lang='lat' dir='ltr'><strong>hymeneum,sed</strong></span> 
     </span>
     <span class='ocr_line' id='line_1_16' title="bbox 220 2201 1286 2277; baseline -0.002 -25"><span class='ocrx_word' id='word_1_103' title='bbox 220 2221 288 2254; x_wconf 71' lang='lat' dir='ltr'><strong>sunm</strong></span> <span class='ocrx_word' id='word_1_104' title='bbox 302 2214 329 2255; x_wconf 86' lang='lat' dir='ltr'><strong>et</strong></span> <span class='ocrx_word' id='word_1_105' title='bbox 342 2223 388 2254; x_wconf 83' lang='lat' dir='ltr'><strong>sna</strong></span> <span class='ocrx_word' id='word_1_106' title='bbox 404 2201 490 2258; x_wconf 80' lang='lat' dir='ltr'><strong>sidera</strong></span> <span class='ocrx_word' id='word_1_107' title='bbox 502 2205 616 2271; x_wconf 79' lang='lat' dir='ltr'><strong>hebent,</strong></span> <span class='ocrx_word' id='word_1_108' title='bbox 629 2217 659 2258; x_wconf 90' lang='lat' dir='ltr'><strong>ut</strong></span> <span class='ocrx_word' id='word_1_109' title='bbox 671 2225 729 2258; x_wconf 89' lang='lat' dir='ltr'><strong>mo·</strong></span> <span class='ocrx_word' id='word_1_110' title='bbox 772 2205 937 2277; x_wconf 84' lang='lat' dir='ltr'><strong>principium</strong></span> <span class='ocrx_word' id='word_1_111' title='bbox 948 2215 976 2256; x_wconf 86' lang='lat' dir='ltr'><strong>et</strong></span> <span class='ocrx_word' id='word_1_112' title='bbox 985 2216 1124 2256; x_wconf 79' lang='lat' dir='ltr'><strong>summam.</strong></span> <span class='ocrx_word' id='word_1_113' title='bbox 1135 2233 1175 2244; x_wconf 95' lang='lat'>—</span> <span class='ocrx_word' id='word_1_114' title='bbox 1185 2201 1286 2252; x_wconf 79' lang='lat' dir='ltr'><strong>Ducunt</strong></span> 
     </span>
     <span class='ocr_line' id='line_1_17' title="bbox 221 2281 844 2356; baseline 0.008 -23"><span class='ocrx_word' id='word_1_115' title='bbox 221 2281 329 2335; x_wconf 83' lang='lat' dir='ltr'><strong>nuimns</strong></span> <span class='ocrx_word' id='word_1_116' title='bbox 345 2282 380 2336; x_wconf 87' lang='lat' dir='ltr'><strong>ad</strong></span> <span class='ocrx_word' id='word_1_117' title='bbox 400 2301 427 2336; x_wconf 84' lang='lat' dir='ltr'><strong>v.</strong></span> <span class='ocrx_word' id='word_1_118' title='bbox 442 2287 506 2338; x_wconf 71' lang='lat' dir='ltr'><strong>aaa.</strong></span> <span class='ocrx_word' id='word_1_119' title='bbox 524 2285 657 2340; x_wconf 77' lang='lat' dir='ltr'><strong>Ceterum</strong></span> <span class='ocrx_word' id='word_1_120' title='bbox 676 2287 730 2338; x_wconf 82' lang='lat' dir='ltr'><strong>He·</strong></span> <span class='ocrx_word' id='word_1_121' title='bbox 773 2286 844 2356; x_wconf 77' lang='lat' dir='ltr'><strong>vulg.</strong></span> 
     </span>
     <span class='ocr_line' id='line_1_18' title="bbox 222 2359 1285 2438; baseline -0.001 -26"><span class='ocrx_word' id='word_1_122' title='bbox 222 2381 312 2432; x_wconf 83' lang='lat' dir='ltr'><strong>sperus,</strong></span> <span class='ocrx_word' id='word_1_123' title='bbox 321 2362 434 2416; x_wconf 87' lang='lat' dir='ltr'><strong>Veneris</strong></span> <span class='ocrx_word' id='word_1_124' title='bbox 446 2375 486 2416; x_wconf 84' lang='lat' dir='ltr'><strong>est</strong></span> <span class='ocrx_word' id='word_1_125' title='bbox 495 2376 615 2436; x_wconf 80' lang='lat' dir='ltr'><strong>optatum</strong></span> <span class='ocrx_word' id='word_1_126' title='bbox 627 2367 730 2438; x_wconf 83' lang='lat' dir='ltr'><strong>sponsis</strong></span> <span class='ocrx_word' id='word_1_127' title='bbox 817 2367 882 2435; x_wconf 82' lang='lat'><strong>367.</strong></span> <span class='ocrx_word' id='word_1_128' title='bbox 896 2364 981 2424; x_wconf 82' lang='lat' dir='ltr'><strong>Jnno,·</strong></span> <span class='ocrx_word' id='word_1_129' title='bbox 991 2362 1095 2414; x_wconf 80' lang='lat' dir='ltr'><strong>inferna</strong></span> <span class='ocrx_word' id='word_1_130' title='bbox 1103 2359 1216 2424; x_wconf 86' lang='lat' dir='ltr'><strong>scilicet,</strong></span> <span class='ocrx_word' id='word_1_131' title='bbox 1226 2377 1285 2431; x_wconf 75' lang='lat' dir='ltr'><strong>quse</strong></span> 
     </span>
     <span class='ocr_line' id='line_1_19' title="bbox 222 2439 1284 2516; baseline -0.002 -23"><span class='ocrx_word' id='word_1_132' title='bbox 222 2439 311 2507; x_wconf 85' lang='lat' dir='ltr'><strong>sidus,</strong></span> <span class='ocrx_word' id='word_1_133' title='bbox 329 2462 409 2515; x_wconf 87' lang='lat' dir='ltr'><strong>quem</strong></span> <span class='ocrx_word' id='word_1_134' title='bbox 431 2442 564 2499; x_wconf 80' lang='lat' dir='ltr'><strong>invocant.</strong></span> <span class='ocrx_word' id='word_1_135' title='bbox 583 2445 684 2499; x_wconf 87' lang='lat' dir='ltr'><strong>Totum</strong></span> <span class='ocrx_word' id='word_1_136' title='bbox 699 2464 731 2500; x_wconf 84' lang='lat' dir='ltr'><strong>ex</strong></span> <span class='ocrx_word' id='word_1_137' title='bbox 774 2458 814 2499; x_wconf 85' lang='lat' dir='ltr'><strong>est</strong></span> <span class='ocrx_word' id='word_1_138' title='bbox 824 2443 998 2516; x_wconf 81' lang='lat' dir='ltr'><strong>Proserpina,</strong></span> <span class='ocrx_word' id='word_1_139' title='bbox 1011 2455 1144 2513; x_wconf 79' lang='lat' dir='ltr'><strong>utsupra,</strong></span> <span class='ocrx_word' id='word_1_140' title='bbox 1154 2440 1202 2493; x_wconf 91' lang='lat' dir='ltr'><strong>lib.</strong></span> <span class='ocrx_word' id='word_1_141' title='bbox 1214 2441 1244 2505; x_wconf 90' lang='lat'><strong>1,</strong></span> <span class='ocrx_word' id='word_1_142' title='bbox 1258 2458 1284 2491; x_wconf 79' lang='lat' dir='ltr'><strong>a.</strong></span> 
     </span>
     <span class='ocr_line' id='line_1_20' title="bbox 221 2518 1286 2597; baseline -0.005 -22"><span class='ocrx_word' id='word_1_143' title='bbox 221 2522 272 2575; x_wconf 78' lang='lat' dir='ltr'><strong>lroc</strong></span> <span class='ocrx_word' id='word_1_144' title='bbox 281 2520 380 2593; x_wconf 88' lang='lat' dir='ltr'><strong>pendet</strong></span> <span class='ocrx_word' id='word_1_145' title='bbox 391 2521 488 2578; x_wconf 86' lang='lat' dir='ltr'><strong>Catulli</strong></span> <span class='ocrx_word' id='word_1_146' title='bbox 498 2526 698 2597; x_wconf 82' lang='lat' dir='ltr'><strong>epithalamium</strong></span> <span class='ocrx_word' id='word_1_147' title='bbox 709 2546 729 2580; x_wconf 83' lang='lat' dir='ltr'><strong>s.</strong></span> <span class='ocrx_word' id='word_1_148' title='bbox 815 2526 882 2579; x_wconf 79' lang='lat'><strong>368.</strong></span> <span class='ocrx_word' id='word_1_149' title='bbox 901 2526 1011 2588; x_wconf 77' lang='lat' dir='ltr'><strong>Discite,</strong></span> <span class='ocrx_word' id='word_1_150' title='bbox 1030 2534 1060 2575; x_wconf 89' lang='lat' dir='ltr'><strong>ut</strong></span> <span class='ocrx_word' id='word_1_151' title='bbox 1072 2518 1152 2573; x_wconf 80' lang='lat' dir='ltr'><strong>rodes</strong></span> <span class='ocrx_word' id='word_1_152' title='bbox 1172 2538 1286 2590; x_wconf 88' lang='lat' dir='ltr'><strong>operum</strong></span> 
     </span>
     <span class='ocr_line' id='line_1_21' title="bbox 219 2599 1174 2675; baseline -0.003 -20"><span class='ocrx_word' id='word_1_153' title='bbox 219 2620 326 2656; x_wconf 72' lang='lat' dir='ltr'><strong>mrmen</strong></span> <span class='ocrx_word' id='word_1_154' title='bbox 336 2604 426 2667; x_wconf 85' lang='lat' dir='ltr'>Lxss;</span> <span class='ocrx_word' id='word_1_155' title='bbox 438 2603 530 2675; x_wconf 77' lang='lat' dir='ltr'><strong>Vesper</strong></span> <span class='ocrx_word' id='word_1_156' title='bbox 541 2606 632 2659; x_wconf 64' lang='lat' dir='ltr'><strong>ndat:</strong></span> <span class='ocrx_word' id='word_1_157' title='bbox 775 2606 897 2658; x_wconf 79' lang='lat' dir='ltr'><strong>Veneris.</strong></span> <span class='ocrx_word' id='word_1_158' title='bbox 908 2604 967 2670; x_wconf 87' lang='lat' dir='ltr'><strong>sic,</strong></span> <span class='ocrx_word' id='word_1_159' title='bbox 980 2603 1092 2666; x_wconf 86' lang='lat' dir='ltr'>XXXI,</span> <span class='ocrx_word' id='word_1_160' title='bbox 1109 2599 1174 2653; x_wconf 83' lang='lat'><strong>130.</strong></span> 
     </span>
     <span class='ocr_line' id='line_1_22' title="bbox 218 2677 1287 2757; baseline -0.006 -20"><span class='ocrx_word' id='word_1_161' title='bbox 218 2696 321 2751; x_wconf 65' lang='lat' dir='ltr'><strong>napea,</strong></span> <span class='ocrx_word' id='word_1_162' title='bbox 333 2700 368 2750; x_wconf 74' lang='lat' dir='ltr'><strong>qui</strong></span> <span class='ocrx_word' id='word_1_163' title='bbox 378 2696 426 2737; x_wconf 74' lang='lat' dir='ltr'><strong>culo</strong></span> <span class='ocrx_word' id='word_1_164' title='bbox 442 2698 504 2738; x_wconf 72' lang='lat' dir='ltr'><strong>lemur</strong></span> <span class='ocrx_word' id='word_1_165' title='bbox 517 2699 616 2739; x_wconf 76' lang='lat' dir='ltr'><strong>crudelior</strong></span> <span class='ocrx_word' id='word_1_166' title='bbox 626 2700 695 2754; x_wconf 68' lang='lat' dir='ltr'><strong>ignis?</strong></span> <span class='ocrx_word' id='word_1_167' title='bbox 817 2687 882 2754; x_wconf 83' lang='grc'>370.</span> <span class='ocrx_word' id='word_1_168' title='bbox 896 2684 1019 2757; x_wconf 69' lang='lat' dir='ltr'><strong>Hymnus</strong></span> <span class='ocrx_word' id='word_1_169' title='bbox 1037 2677 1219 2735; x_wconf 74' lang='lat' dir='ltr'><strong>Eumenidum</strong></span> <span class='ocrx_word' id='word_1_170' title='bbox 1234 2678 1287 2731; x_wconf 77' lang='grc'><strong>01·-</strong></span> 
     </span>
     <span class='ocr_line' id='line_1_23' title="bbox 221 2756 1288 2835; baseline 0.003 -29"><span class='ocrx_word' id='word_1_171' title='bbox 221 2768 319 2823; x_wconf 68' lang='lat' dir='ltr'><strong>Rapere,</strong></span> <span class='ocrx_word' id='word_1_172' title='bbox 328 2769 364 2821; x_wconf 80' lang='lat' dir='ltr'><strong>qui</strong></span> <span class='ocrx_word' id='word_1_173' title='bbox 376 2767 424 2811; x_wconf 70' lang='lat' dir='ltr'><strong>culo</strong></span> <span class='ocrx_word' id='word_1_174' title='bbox 433 2768 485 2810; x_wconf 79' lang='lat' dir='ltr'><strong>lueet</strong></span> <span class='ocrx_word' id='word_1_175' title='bbox 493 2770 600 2821; x_wconf 79' lang='lat' dir='ltr'><strong>jucundior</strong></span> <span class='ocrx_word' id='word_1_176' title='bbox 607 2771 671 2823; x_wconf 74' lang='lat' dir='ltr'><strong>ignisl</strong></span> <span class='ocrx_word' id='word_1_177' title='bbox 775 2765 868 2835; x_wconf 69' lang='lat' dir='ltr'><strong>phium</strong></span> <span class='ocrx_word' id='word_1_178' title='bbox 877 2764 1024 2835; x_wconf 70' lang='lat' dir='ltr'><strong>posterior,</strong></span> <span class='ocrx_word' id='word_1_179' title='bbox 1033 2781 1061 2834; x_wconf 81' lang='lat' dir='ltr'><strong>p.</strong></span> <span class='ocrx_word' id='word_1_180' title='bbox 1079 2764 1145 2818; x_wconf 74' lang='lat'>166,</span> <span class='ocrx_word' id='word_1_181' title='bbox 1157 2759 1215 2813; x_wconf 68' lang='lat' dir='ltr'><strong>illas</strong></span> <span class='ocrx_word' id='word_1_182' title='bbox 1225 2756 1288 2812; x_wconf 82' lang='lat' dir='ltr'><strong>lacit</strong></span> 
     </span>
    </p>

    <p class='ocr_par' dir='ltr' id='par_1_4' title="bbox 216 2836 1288 3074">
     <span class='ocr_line' id='line_1_24' title="bbox 261 2836 1286 2913; baseline -0.003 -20"><span class='ocrx_word' id='word_1_183' title='bbox 261 2840 327 2893; x_wconf 81' lang='lat'><strong>363.</strong></span> <span class='ocrx_word' id='word_1_184' title='bbox 339 2840 387 2893; x_wconf 86' lang='lat' dir='ltr'><strong>Est</strong></span> <span class='ocrx_word' id='word_1_185' title='bbox 397 2860 494 2913; x_wconf 85' lang='lat' dir='ltr'><strong>nempe</strong></span> <span class='ocrx_word' id='word_1_186' title='bbox 507 2842 587 2895; x_wconf 89' lang='lat' dir='ltr'><strong>etiam</strong></span> <span class='ocrx_word' id='word_1_187' title='bbox 598 2844 656 2898; x_wconf 75' lang='lat' dir='ltr'><strong>Noe</strong></span> <span class='ocrx_word' id='word_1_188' title='bbox 668 2846 733 2909; x_wconf 82' lang='lat' dir='ltr'><strong>Dea,</strong></span> <span class='ocrx_word' id='word_1_189' title='bbox 775 2844 844 2897; x_wconf 81' lang='lat' dir='ltr'><strong>filias</strong></span> <span class='ocrx_word' id='word_1_190' title='bbox 861 2844 983 2897; x_wconf 86' lang='lat' dir='ltr'><strong>Plutonis</strong></span> <span class='ocrx_word' id='word_1_191' title='bbox 1001 2855 1027 2895; x_wconf 86' lang='lat' dir='ltr'><strong>et</strong></span> <span class='ocrx_word' id='word_1_192' title='bbox 1042 2840 1217 2911; x_wconf 73' lang='lat' dir='ltr'><strong>Proserpina.</strong></span> <span class='ocrx_word' id='word_1_193' title='bbox 1234 2836 1286 2890; x_wconf 88' lang='lat' dir='ltr'><strong>Sed</strong></span> 
     </span>
     <span class='ocr_line' id='line_1_25' title="bbox 216 2917 1288 2993; baseline -0.003 -21"><span class='ocrx_word' id='word_1_194' title='bbox 216 2932 281 2973; x_wconf 81' lang='lat' dir='ltr'><strong>&#39;curn</strong></span> <span class='ocrx_word' id='word_1_195' title='bbox 300 2920 376 2973; x_wconf 87' lang='lat' dir='ltr'><strong>Luna</strong></span> <span class='ocrx_word' id='word_1_196' title='bbox 397 2940 465 2993; x_wconf 73' lang='lat' dir='ltr'><strong>sepe</strong></span> <span class='ocrx_word' id='word_1_197' title='bbox 487 2941 643 2993; x_wconf 82' lang='lat' dir='ltr'><strong>congruens.</strong></span> <span class='ocrx_word' id='word_1_198' title='bbox 668 2922 731 2977; x_wconf 89' lang='lat' dir='ltr'><strong>Vid.</strong></span> <span class='ocrx_word' id='word_1_199' title='bbox 775 2924 827 2977; x_wconf 91' lang='lat' dir='ltr'><strong>hoc</strong></span> <span class='ocrx_word' id='word_1_200' title='bbox 850 2942 905 2976; x_wconf 90' lang='lat' dir='ltr'><strong>non</strong></span> <span class='ocrx_word' id='word_1_201' title='bbox 922 2923 1048 2976; x_wconf 80' lang='lat' dir='ltr'><strong>convenit</strong></span> <span class='ocrx_word' id='word_1_202' title='bbox 1066 2939 1127 2974; x_wconf 88' lang='lat' dir='ltr'><strong>curn</strong></span> <span class='ocrx_word' id='word_1_203' title='bbox 1142 2917 1288 2973; x_wconf 74' lang='lat' dir='ltr'><strong>oeconomia</strong></span> 
     </span>
     <span class='ocr_line' id='line_1_26' title="bbox 220 2990 1288 3074; baseline -0.006 -21"><span class='ocrx_word' id='word_1_204' title='bbox 220 3002 309 3053; x_wconf 87' lang='lat' dir='ltr'><strong>Bnrrn.</strong></span> <span class='ocrx_word' id='word_1_205' title='bbox 326 2998 360 3053; x_wconf 86' lang='lat' dir='ltr'><strong>ad</strong></span> <span class='ocrx_word' id='word_1_206' title='bbox 373 3001 433 3051; x_wconf 89' lang='lat' dir='ltr'><strong>Val.</strong></span> <span class='ocrx_word' id='word_1_207' title='bbox 447 3002 485 3055; x_wconf 69' lang='grc' dir='ltr'><strong>ΓΙ.</strong></span> <span class='ocrx_word' id='word_1_208' title='bbox 503 3004 537 3068; x_wconf 90' lang='lat' dir='ltr'><strong>V,</strong></span> <span class='ocrx_word' id='word_1_209' title='bbox 553 3002 618 3073; x_wconf 80' lang='lat'><strong>567.</strong></span> <span class='ocrx_word' id='word_1_210' title='bbox 776 3002 933 3068; x_wconf 84' lang='lat' dir='ltr'><strong>Claudiani,</strong></span> <span class='ocrx_word' id='word_1_211' title='bbox 943 3003 989 3074; x_wconf 85' lang='lat' dir='ltr'><strong>qui</strong></span> <span class='ocrx_word' id='word_1_212' title='bbox 998 3000 1099 3073; x_wconf 85' lang='lat' dir='ltr'><strong>nuptiis</strong></span> <span class='ocrx_word' id='word_1_213' title='bbox 1109 2990 1215 3061; x_wconf 77' lang='lat' dir='ltr'><strong>ensium</strong></span> <span class='ocrx_word' id='word_1_214' title='bbox 1222 3014 1288 3069; x_wconf 75' lang='lat' dir='ltr'><strong>prn-</strong></span> 
     </span>
    </p>

    <p class='ocr_par' dir='ltr' id='par_1_5' title="bbox 222 3077 1288 3234">
     <span class='ocr_line' id='line_1_27' title="bbox 261 3077 1288 3154; baseline -0.004 -23"><span class='ocrx_word' id='word_1_215' title='bbox 261 3078 327 3133; x_wconf 75' lang='lat'><strong>365.</strong></span> <span class='ocrx_word' id='word_1_216' title='bbox 354 3082 398 3131; x_wconf 90' lang='lat' dir='ltr'><strong>Pii</strong></span> <span class='ocrx_word' id='word_1_217' title='bbox 408 3100 419 3142; x_wconf 91' lang='lat'><em>;</em></span> <span class='ocrx_word' id='word_1_218' title='bbox 442 3082 558 3135; x_wconf 84' lang='lat' dir='ltr'><strong>cultores</strong></span> <span class='ocrx_word' id='word_1_219' title='bbox 579 3100 731 3153; x_wconf 82' lang='lat' dir='ltr'><strong>camporum</strong></span> <span class='ocrx_word' id='word_1_220' title='bbox 776 3095 862 3136; x_wconf 83' lang='lat' dir='ltr'><strong>sentes</strong></span> <span class='ocrx_word' id='word_1_221' title='bbox 874 3082 946 3137; x_wconf 81' lang='lat' dir='ltr'><strong>lacit.</strong></span> <span class='ocrx_word' id='word_1_222' title='bbox 964 3085 996 3134; x_wconf 93' lang='lat' dir='ltr'><strong>In</strong></span> <span class='ocrx_word' id='word_1_223' title='bbox 1012 3082 1122 3154; x_wconf 86' lang='lat' dir='ltr'><strong>Hymno</strong></span> <span class='ocrx_word' id='word_1_224' title='bbox 1135 3079 1166 3141; x_wconf 66' lang='lat' dir='ltr'><strong>in¹</strong></span> <span class='ocrx_word' id='word_1_225' title='bbox 1178 3077 1288 3129; x_wconf 82' lang='lat' dir='ltr'><strong>Proser·</strong></span> 
     </span>
     <span class='ocr_line' id='line_1_28' title="bbox 222 3154 1287 3234; baseline -0.005 -23"><span class='ocrx_word' id='word_1_226' title='bbox 222 3159 383 3229; x_wconf 82' lang='lat' dir='ltr'><strong>Elysiorum.</strong></span> <span class='ocrx_word' id='word_1_227' title='bbox 776 3164 922 3234; x_wconf 87' lang='lat' dir='ltr'><strong>pinam‚p.</strong></span> <span class='ocrx_word' id='word_1_228' title='bbox 942 3165 1015 3227; x_wconf 73' lang='lat'><strong>126,</strong></span> <span class='ocrx_word' id='word_1_229' title='bbox 1033 3179 1087 3212; x_wconf 88' lang='lat' dir='ltr'><strong>non</strong></span> <span class='ocrx_word' id='word_1_230' title='bbox 1105 3154 1287 3210; x_wconf 85' lang='lat' dir='ltr'><strong>Eumenidum</strong></span> 
     </span>
    </p>

    <p class='ocr_par' dir='ltr' id='par_1_6' title="bbox 219 3238 1289 3393">
     <span class='ocr_line' id='line_1_29' title="bbox 263 3238 1289 3310; baseline -0.001 -19"><span class='ocrx_word' id='word_1_231' title='bbox 263 3238 326 3292; x_wconf 85' lang='grc'><strong>366.</strong></span> <span class='ocrx_word' id='word_1_232' title='bbox 336 3240 457 3310; x_wconf 74' lang='lat' dir='ltr'><strong>Pervigila*</strong></span> <span class='ocrx_word' id='word_1_233' title='bbox 461 3241 652 3310; x_wconf 74' lang='lat' dir='ltr'><strong>plomu‚tertio</strong></span> <span class='ocrx_word' id='word_1_234' title='bbox 662 3259 732 3309; x_wconf 78' lang='lat' dir='ltr'><strong>essu,</strong></span> <span class='ocrx_word' id='word_1_235' title='bbox 777 3242 881 3308; x_wconf 86' lang='lat' dir='ltr'><strong>modo,</strong></span> <span class='ocrx_word' id='word_1_236' title='bbox 903 3240 950 3295; x_wconf 81' lang='lat' dir='ltr'><strong>sed</strong></span> <span class='ocrx_word' id='word_1_237' title='bbox 968 3241 1048 3295; x_wconf 82' lang='lat' dir='ltr'><strong>etiam</strong></span> <span class='ocrx_word' id='word_1_238' title='bbox 1067 3238 1182 3292; x_wconf 78' lang='lat' dir='ltr'><strong>Enhsdei</strong></span> <span class='ocrx_word' id='word_1_239' title='bbox 1204 3248 1289 3290; x_wconf 78' lang='lat' dir='ltr'><strong>metet·</strong></span> 
     </span>
     <span class='ocr_line' id='line_1_30' title="bbox 219 3318 935 3393; baseline 0.008 -24"><span class='ocrx_word' id='word_1_240' title='bbox 219 3318 271 3371; x_wconf 83' lang='lat' dir='ltr'><strong>hoc</strong></span> <span class='ocrx_word' id='word_1_241' title='bbox 282 3318 384 3373; x_wconf 76' lang='lat' dir='ltr'><strong>faciunt</strong></span> <span class='ocrx_word' id='word_1_242' title='bbox 396 3318 545 3375; x_wconf 84' lang='lat' dir='ltr'><strong>exordium.</strong></span> <span class='ocrx_word' id='word_1_243' title='bbox 557 3320 652 3393; x_wconf 84' lang='lat' dir='ltr'><strong>Neque</strong></span> <span class='ocrx_word' id='word_1_244' title='bbox 660 3322 733 3375; x_wconf 83' lang='lat' dir='ltr'><strong>enim</strong></span> <span class='ocrx_word' id='word_1_245' title='bbox 778 3322 935 3393; x_wconf 82' lang='lat' dir='ltr'><strong>appellatur.</strong></span> 
     </span>
    </p>
   </div>
   <div class='ocr_carea' id='block_1_4' title="bbox 0 0 1529 4900">
    <p class='ocr_par' dir='ltr' id='par_1_7' title="bbox 0 0 1529 4900">
     <span class='ocr_line' id='line_1_31' title="bbox 0 0 1529 4900; baseline 0 0"><span class='ocrx_word' id='word_1_246' title='bbox 0 0 1529 4900; x_wconf 95' lang='lat' dir='ltr'><strong> </strong></span> 
     </span>
    </p>
   </div>
  </div>
 </body>
</html>
