3034 4900
485 482 805 553 strennuus
832 486 946 559 xnv.
1163 494 1234 577 401

181 636 1244 665 mmmmmmfflmmmm

653 832 769 900 XCV.

436 1040 521 1085 xnv.
555 1038 726 1085 ceneten
752 1010 999 1087 essentne*

185 1175 402 1299 Cnmsue
417 1231 534 1313 potens
549 1242 677 1301 rerum,
692 1216 859 1287 redeuntis
875 1219 1028 1290 conditor
1040 1226 1117 1313 aevi,

182 1332 261 1397 Vox
276 1325 396 1395 summi
413 1348 592 1417 sensusque
608 1324 672 1392 Dei
686 1349 697 1409 ;
711 1348 810 1418 quem
825 1323 911 1393 ludit
927 1326 970 1395 ab
987 1325 1054 1399 elta

183 1436 299 1503 Mente
320 1446 430 1527 pater,
451 1430 599 1525 tantique
618 1428 711 1497 dedit
730 1432 896 1499 consortia
914 1434 1027 1527 regni5

183 1540 292 1635 Impia
307 1539 365 1632 qui
382 1551 503 1606 nostrae
520 1535 675 1605 domuisti
692 1536 830 1605 crimina
847 1538 942 1625 vite,

185 1648 304 1715 Passus
324 1667 485 1737 corporea
503 1640 621 1711 mundi
641 1642 761 1711 vestire
783 1642 907 1737 figura,
929 1682 939 1735 3
1236 1688 1247 1725 ⁵

184 1752 355 1845 Allarique
373 1748 483 1845 palam
501 1746 662 1843 populos,
676 1746 911 1843 hominemque
931 1749 1049 1823 fateri:

185 1860 296 1948 Quem
318 1856 425 1926 verbo
448 1852 612 1923 inclusum
633 1855 749 1924 Merite
767 1881 845 1924 mox
863 1858 998 1926 numine
1018 1861 1089 1929 viso

184 1964 336 2059 Virginei
356 1975 492 2031 tenuere
514 1961 621 2046 sinus,
637 1962 841 2055 innuptaque
862 1977 968 2032 mater

226 2160 309 2214 *llos
321 2178 428 2213 carmen
437 2158 472 2211 G.
483 2156 619 2210 Fabricius
626 2158 697 2222 ,De-
739 2158 802 2209 redit
822 2170 849 2211 et
876 2158 982 2229 Virgo,
1007 2160 1106 2216 redemi
1132 2164 1254 2225 Setnrnie

185 2238 696 2312 mss0,Episoop0seeuuli1vllomeno,
738 2256 851 2308 regne·
870 2270 911 2279 —
930 2240 982 2291 Pro
1003 2245 1065 2307 oevs',
1089 2245 1153 2297 orbis
1170 2248 1248 2303 MSS.

186 2324 216 2375 in
229 2321 300 2374 libro
318 2318 500 2390 antiquissimo
514 2315 694 2388 adscriptum,
739 2320 799 2368 mirri
811 2316 868 2369 MS.

187 2400 273 2455 edidit
283 2420 312 2474 p.
325 2406 396 2471 774,
409 2410 437 2453 et
444 2409 538 2451 nostro
549 2394 696 2451 Claudiano
782 2416 810 2451 s.
827 2396 936 2452 Fudeeut
945 2400 998 2452 alta
1006 2438 1015 2464 ,
1029 2399 1109 2455 MSS.

186 2479 350 2552 abjudicavit
363 2480 393 2532 in
407 2479 598 2548 Commentp.
615 2475 651 2528 35
670 2490 698 2530 et
781 2483 808 2538 4.
825 2477 902 2548 Impia
918 2491 960 2543 tu,
976 2481 1011 2534 sl.
1026 2483 1106 2536 etism
1122 2483 1226 2541 Febris.
1255 2501 1258 2510 ¹

188 2563 226 2625 43
249 2559 321 2614 :eei
340 2559 430 2630 potius
449 2557 597 2622 assentior,
617 2574 697 2626 quem
782 2555 807 2610 5.
822 2558 912 2610 Passus
932 2563 1020 2612 vestus
1038 2561 1152 2616 formul·
1172 2570 1248 2638 enjus

187 2636 695 2698 Clarerio.N0nvoesturihiPascdrrle,
739 2635 838 2689 similes
863 2637 945 2690 hebet
971 2639 1051 2694 etiam
1077 2642 1247 2700 Claudianus.

188 2719 237 2774 sed
247 2718 403 2792 simpliciter
411 2715 564 2770 inscribitur
575 2714 610 2768 de
622 2715 699 2770 chri-
740 2713 806 2770 Vid.
820 2716 887 2780 XV,
909 2718 974 2772 265.
994 2719 1147 2776 sustinuisti
1160 2737 1187 2777 te
1200 2743 1248 2780 ve·

189 2813 240 2853 sto.
249 2799 285 2851 Et
295 2812 383 2852 temen
391 2797 624 2868 pssehelecsrmen
633 2813 696 2859 esse,
739 2795 804 2848 stire
823 2813 944 2866 (torpore.
958 2829 998 2840 -
1010 2801 1130 2854 Menum
1149 2806 1248 2878 vulget.

189 2879 310 2933 indicant
333 2876 389 2930 dun
410 2895 501 2930 versus
523 2875 629 2939 ultimi,
651 2875 699 2945 qui
740 2875 861 2928 demissuri
874 2879 944 2949 conj.
958 2878 1049 2934 Barth.

188 2959 268 3012 etism
276 2957 329 3011 hoe
337 2955 699 3022 docentstotemneseotem„
782 2973 808 3024 7.
822 2955 943 3027 Quemque
966 2970 1052 3024 utero,
1067 2961 1146 3016 Vien.
1171 2965 1248 3019 June.

188 3057 258 3108 pore
270 3038 301 3090 in
309 3036 417 3092 eeclesia
427 3053 521 3107 preces
530 3035 699 3104 interposltas
743 3033 821 3102 Quem
827 3035 909 3100 verto,
922 3035 982 3090 Ald.
990 3038 1093 3093 Febris.
1101 3041 1176 3095 MSS.
1187 3045 1250 3097 Tm

189 3118 273 3172 fuisse
284 3135 337 3188 pro
351 3119 524 3187 Imperatore.
537 3115 647 3167 Poterit
658 3115 700 3166 nti
742 3125 809 3166 utero
817 3117 886 3185 conj.
896 3114 987 3169 Heius·
994 3119 1093 3170 Lumt'rre
1100 3121 1156 3174 MS.
1163 3126 1250 3194 angelo

189 3197 245 3250 hoe
265 3197 328 3249 loeo
348 3197 391 3249 vir
406 3195 533 3260 illustris,
552 3193 700 3246 commilito
742 3192 818 3246 MSS.
829 3205 855 3245 et
869 3195 929 3264 an.
943 3213 976 3250 ex
989 3198 1082 3268 glossa.
1093 3200 1178 3255 Totus
1187 3221 1249 3257 ver.

191 3277 315 3330 antelios
325 3293 403 3348 pene
416 3273 608 3346 quinquaginta
617 3291 700 3326 annos
742 3291 786 3326 sus
802 3274 829 3326 iu
846 3273 1007 3344 quibusdum
1023 3277 1105 3332 codd.
1118 3279 1200 3336 deest.
1209 3315 1250 3328 -

191 3375 268 3410 meus
286 3357 314 3408 in
333 3356 445 3408 lenensi
460 3353 611 3418 academie,
626 3355 701 3423 enjus
743 3352 786 3405 Sis
806 3352 903 3406 ordino
926 3367 953 3408 et
974 3356 1159 3430 interpretor:
1177 3361 1251 3416 Sinus

192 3455 267 3490 nune
285 3453 413 3506 magnum
436 3433 520 3487 decus
539 3445 593 3492 est,
616 3432 649 3488 C.
665 3433 700 3486 G.
743 3431 834 3485 Mar-ie
853 3433 983 3504 Virginei,
1005 3438 1094 3492 stetim
1119 3461 1136 3492 a
1159 3447 1253 3496 numine

191 3513 452 3586 BuderusinProgr.
462 3513 498 3566 de
509 3513 637 3578 Precibus
650 3531 701 3584 pro
743 3511 878 3566 Gebrielis
891 3509 952 3575 (vel
969 3515 1052 3586 ipsius
1067 3519 1118 3571 Dei
1134 3539 1183 3591 per
1197 3522 1251 3576 Ga.

192 3599 359 3666 Imperatore
372 3595 438 3664 lusis
450 3632 459 3657 ,
475 3611 530 3664 quo
542 3591 642 3644 refellit
655 3611 702 3644 eo·
744 3591 860 3644 brielem
873 3611 900 3645 se
912 3595 1119 3662 manifestantis)
1132 3602 1202 3662 viso,
1219 3613 1254 3653 te-

192 3694 257 3728 rum
279 3693 415 3739 errorem,
433 3671 482 3744 qni
503 3672 577 3725 hunc
597 3690 702 3724 morem
744 3690 817 3724 nuere
840 3671 913 3726 hune
933 3673 1088 3741 hominem,
1109 3679 1191 3732 Verbo
1212 3681 1253 3733 illi

192 3753 305 3808 demum
315 3754 410 3806 seculo
418 3753 553 3805 ocuvoab
564 3749 702 3804 Hadriano
744 3751 884 3806 Johenneo
899 3751 993 3806 intime
1011 3756 1118 3809 unitum
1136 3771 1163 3812 et
1177 3760 1253 3813 velut

191 3833 322 3906 pontifice
334 3833 486 3887 instituturus
499 3829 618 3884 trudunt.
745 3831 868 3884 incisum.
878 3830 906 3884 si
917 3832 977 3904 quis
985 3835 1188 3907 tumuereutiqne
1198 3858 1253 3893 ier.

238 3932 264 3967 ι.
278 3912 381 3965 uadem
392 3931 482 3974 oevun,
496 3928 566 3963 nove
581 3909 703 3974 felicitas,
745 3909 864 3963 vandum
883 3921 974 3982 putet,
993 3912 1039 3980 ille
1060 3916 1196 3985 graeeismo
1216 3920 1254 3973 sie

190 4005 227 4046 ut
238 3994 319 4063 glorie
331 3996 387 4044 novi
395 3991 477 4043 roeeuli
487 3991 516 4042 in
530 3989 662 4053 nummis3
674 4001 704 4042 ut
748 3987 875 4043 desendet
886 3991 1008 4061 plussin,
1020 3993 1132 4064 Virginei
1141 4001 1206 4050 sinus
1216 4013 1256 4052 tu.

193 4073 272 4144 virg.
282 4073 341 4126 fet.
354 4072 407 4137 lV,
423 4071 459 4124 ὃς
472 4097 484 4118 ι
496 4069 611 4141 Magnus
624 4068 705 4120 ahin·
749 4089 826 4122 uiuere
839 4065 891 4131 (ob
900 4067 911 4133 )
920 4089 1028 4141 puerum.

195 4165 269 4225 tegre
278 4154 419 4206 seclorum
427 4149 545 4204 nescitur
554 4147 704 4202 ordotlam
793 4152 819 4204 Β.
844 4151 959 4204 Tumuere
973 4152 1045 4224 vulg.
1066 4157 1163 4209 tibrum
1181 4157 1259 4212 MSS.

275 4263 326 4329 ΙΙ.
1028 4259 1076 4329 26
