3034 4900
304 464 351 511 ao
539 439 613 506 CL.
643 426 951 509 CLAUDIANI
977 441 1121 510 XXIV.

302 573 463 640 Luxuries
482 570 587 656 vitiis,
601 567 749 662 odiisque
771 569 941 664 superbia,
956 571 1064 639 vertit.

302 681 355 747 Sic
374 675 459 745 male
477 673 632 744 sublimes
650 673 749 769 fregit
763 677 944 769 Spartanus
961 677 1129 763 Athenas3

302 788 410 877 Atque
428 781 514 851 idem
532 781 653 850 Thebis
672 781 791 850 cecidit
806 809 813 849 :
828 782 875 851 sic
894 782 1014 852 Medus
1031 783 1154 852 ademit

302 891 453 983 Assyrio,
476 887 642 980 Medoque
663 886 738 955 tulit
758 886 984 956 moderamina
1003 891 1142 959 Perses:

282 995 449 1088 'Subjecit
469 993 610 1062 Macedo
630 995 768 1075 Persen,
786 1019 937 1063 cessurus
956 1010 990 1063 et
1011 997 1081 1089 ipse

301 1101 459 1170 Romanis
479 1125 486 1166 :
508 1101 579 1168 haec
600 1101 745 1193 auguriis
765 1099 895 1190 firmata
915 1099 1063 1194 Sibyllae,

303 1211 382 1276 Haec
401 1209 501 1276 sacris
524 1207 666 1273 animata
685 1207 804 1274 Numae
824 1231 831 1271 :
852 1205 931 1274 huie
950 1205 1089 1275 fulmina
1105 1207 1214 1276 vibrat

301 1317 319 1382 J
322 1316 449 1407 upiter;
471 1311 557 1380 hanc
581 1325 650 1378 tota
669 1312 817 1379 Tritonia
833 1313 993 1405 Gorgone
1011 1311 1107 1382 velat.

301 1424 447 1488 Arcanas
465 1418 532 1485 huc
550 1419 652 1485 Vesta
674 1416 779 1503 faces,
793 1417 860 1486 huo
881 1419 984 1511 Orgia
999 1419 1150 1488 Bacchus

350 1637 551 1692 mendicitas·
569 1656 625 1690 uno
641 1653 719 1690 versu
736 1655 809 1690 eom·
898 1642 961 1708 167.
979 1639 1116 1691 Animata.-
1129 1639 1223 1709 religio
1237 1652 1277 1691 est
1291 1640 1367 1694 velut

300 1717 443 1790 prehendit
452 1716 517 1769 duas
528 1729 613 1788 pestes
622 1735 711 1768 rerum
720 1716 810 1787 publi·
854 1717 942 1770 anima
952 1719 1144 1790 imperiorum:
1162 1718 1219 1770 sine
1234 1719 1283 1772 bac
1297 1732 1367 1772 stare

301 1817 408 1859 carum,
428 1799 563 1859 luartrr'em,
591 1799 665 1866 cujus
685 1809 747 1848 nota
766 1815 811 1866 ge·
854 1815 909 1849 non
926 1812 1046 1868 possunt.
1060 1799 1368 1859 -Numae:tua;sine

301 1877 422 1948 nealogia
440 1895 472 1928 ex
493 1876 539 1928 illo
563 1874 646 1927 Cicer.
665 1893 715 1946 pro
731 1876 810 1928 noea.
854 1876 983 1942 elisione,
1002 1896 1076 1930 more
1093 1877 1258 1931 Graecorum.
1273 1878 1366 1949 Virgi-

302 1977 326 2010 e.
344 1977 378 2028 ²7
389 1975 396 2009 :
409 1979 419 1999 α
433 1957 466 2010 In
477 1957 545 2008 urbe
557 1955 676 2008 luxuries
688 1967 811 2020 creatnr3
855 1956 921 2022 lius,
934 1957 1003 2010 Ionio
1014 1960 1181 2010 interemo-
1189 1959 1256 2010 Huic
1258 1958 1366 2025 sabrina

300 2055 332 2090 ex
347 2036 451 2089 luxuria
464 2037 571 2088 exsistat
584 2035 693 2087 avaritia
706 2051 813 2087 necesse
855 2037 939 2088 vibrat
951 2056 963 2089 .·
976 2037 1083 2108 Jupiter
1097 2036 1125 2089 in
1143 2037 1253 2107 gratiam
1272 2039 1365 2090 Romae

302 2127 357 2170 es't:
376 2135 407 2170 ex
422 2115 530 2168 avaritia
545 2127 667 2185 emmpat
680 2113 810 2167 audacia:
855 2116 944 2169 vibrat
962 2117 1085 2170 fulmina.
1099 2114 1204 2169 Alludit
1217 2115 1250 2170 ad
1263 2124 1366 2188 tempe·

302 2196 367 2250 inde
382 2197 470 2249 omnia
484 2195 580 2249 scelera
594 2211 624 2246 ae
639 2194 766 2247 maleficia
776 2194 815 2264 gi·
856 2207 967 2261 statem,
979 2215 1060 2268 quaea
1072 2197 1162 2249 Rome
1172 2197 1256 2268 portis
1266 2197 1367 2267 repulit

302 2289 430 2348 guantur.
448 2301 459 2323 ι
474 2275 604 2346 Superbia
617 2272 740 2326 odiorum
757 2291 813 2327 ma·
857 2275 1299 2347 Hannibalem.-Ntomeestvulg.
1311 2275 1367 2329 Sed

302 2369 359 2422 ter,
371 2373 422 2408 nee
443 2355 606 2425 superiorem
623 2365 710 2423 potest
723 2354 813 2422 ferre,
857 2368 895 2406 est
901 2373 953 2407 om.
962 2356 1037 2408 MSS.
1045 2369 1071 2406 et
1079 2356 1166 2407 limat
1172 2356 1367 2408 biatumexem·

302 2456 352 2489 neo
372 2453 463 2506 parem
485 2452 492 2486 ε
513 2433 578 2486 binc
601 2432 640 2485 illi
666 2450 734 2485 uuus
757 2452 813 2486 non
858 2434 911 2505 plis
920 2434 1186 2496 HeinsProot'brat,
1202 2435 1344 2505 ttbmtcuj.

304 2514 402 2568 sufficit
418 2514 506 2576 orbis,
520 2527 569 2566 etc.
901 2518 966 2568 168.
988 2514 1097 2565 Tritom'a
1111 2512 1232 2565 Minerva
1250 2512 1367 2582 Gorgone

351 2598 416 2647 162.
426 2593 573 2663 Spartanus,
583 2590 722 2661 Lysandro
729 2590 814 2658 duae,
858 2591 886 2645 b.
901 2611 924 2646 e.
934 2594 1029 2663 clypeo
1038 2610 1103 2656 suo,
1116 2612 1137 2643 s.
1149 2591 1231 2663 aegide
1240 2593 1306 2662 tegit
1314 2595 1368 2645 Ro·

305 2674 415 2727 Athenas
422 2673 517 2741 sregit;
529 2671 669 2725 succubuit
679 2671 735 2742 ipse
746 2672 815 2725 The·
858 2690 937 2725 mam.
951 2672 1084 2743 Respicit,
1093 2670 1187 2736 credo,
1199 2670 1364 2739 Palladiam,

303 2751 429 2817 bis,duce
442 2752 548 2804 illarum
558 2749 750 2821 Epaminonda.
759 2752 815 2804 Me·
857 2751 932 2823 quod
947 2750 1098 2805 conditores
1109 2753 1203 2805 Romae
1217 2754 1364 2821 Troianos,

191 2856 195 2865 ·
304 2834 349 2885 dus
365 2833 479 2885 Arbacen
494 2830 581 2882 ademit
596 2830 738 2901 imperium
753 2832 814 2883 Ser·
858 2835 941 2884 AEnea
957 2830 1044 2893 duce,
1064 2822 1092 2883 id
1114 2831 1217 2883 Italiam
1230 2831 1365 2897 attulisse,

305 2911 434 2983 danapalo
441 2910 558 2982 Assyrio,
569 2910 642 2963 Medo
649 2912 755 2981 Astyagi
764 2912 815 2982 Cy·
858 2911 947 2976 siunt,
960 2923 1119 2965 asservatum
1131 2911 1203 2963 inter
1209 2916 1313 2982 pignam
1324 2915 1366 2963 im·

305 3012 350 3045 rus
364 2994 464 3054 Perses,
481 2990 545 3043 hnic
557 2988 720 3043 Alexander:
735 3008 815 3061 regns
854 2995 926 3061 perii.
936 2991 1001 3045 Vid.
1013 2992 1110 3063 passim
1122 2991 1246 3056 Servius,
1256 3009 1365 3062 praser-

306 3074 338 3127 ab
348 3072 427 3143 hujus
434 3071 628 3125 successoribus
636 3068 743 3123 condita
750 3088 815 3142 pau·
858 3071 907 3123 tim
923 3070 957 3124 ad
969 3076 1028 3124 AEn.
1043 3073 1097 3122 VII
1104 3108 1112 3135 ,
1130 3073 1193 3124 188.

304 3154 378 3206 latim
390 3168 499 3205 romana
509 3151 553 3203 illa
564 3152 639 3222 Lupa
647 3148 794 3202 devoravit.
903 3151 1104 3220 169.DeVesta,
1113 3150 1267 3221 cujusignes
1275 3150 1365 3203 eterni

353 3232 416 3285 165.
440 3232 553 3285 Cessurae
573 3246 597 3281 et
616 3233 664 3301 ipse
683 3231 815 3281 Romanis:
858 3244 978 3283 sanctum
992 3244 1019 3283 et
1031 3231 1080 3302 ipsi
1093 3232 1188 3300 pignus
1201 3230 1309 3301 imperii
1321 3248 1365 3281 ro·

306 3310 454 3365 Alexander
469 3330 527 3363 non
542 3309 627 3363 victus
643 3328 657 3361 a
672 3308 814 3373 Romamn
858 3311 947 3375 mani,
961 3310 1052 3362 omnia
1065 3308 1157 3363 docuit
1172 3322 1233 3380 post
1245 3309 1365 3379 Lipsium

306 3390 352 3444 sed
361 3402 466 3461 partum
476 3392 509 3441 ab
517 3387 664 3443 Alexandro
674 3390 815 3441 Persarum
859 3390 905 3441 Ez.
919 3390 1105 3461 spanhemius.
1116 3388 1168 3441 Sed
1183 3390 1262 3458 Orgia
1274 3388 1366 3439 Baoett

307 3470 450 3542 imperium
464 3470 497 3521 ab
510 3469 562 3521 illis
575 3468 712 3521 subactum
727 3480 774 3520 est.
859 3470 1092 3540 furiosairrepsere
1099 3470 1187 3543 potius
1195 3479 1256 3539 post
1262 3484 1366 3520 severas

350 3550 503 3611 rannac,
516 3547 600 3600 intell.
612 3548 709 3612 Roma,
721 3548 764 3599 vel
774 3565 816 3599 ro-
859 3561 952 3601 contra
966 3549 1011 3602 illa
1026 3549 1108 3619 leges,
1124 3566 1203 3619 quam
1217 3559 1249 3598 ut
1259 3558 1367 3617 recepta

306 3648 383 3683 mana
404 3628 559 3699 respublica.
582 3629 614 3679 ln
633 3627 745 3679 Romani
764 3627 814 3677 im·
859 3626 912 3681 dici
924 3628 1034 3699 possint.
1049 3660 1089 3669 -·-
1102 3629 1212 3699 Pluygia
1223 3626 1269 3677 dea
1281 3639 1366 3679 mater

306 3710 374 3779 perii
394 3710 572 3761 instrumento
595 3705 667 3759 haud
690 3706 814 3759 ultimum
858 3703 1367 3777 Deorum,Idaea,Cybeleeadem,leoni-

305 3789 393 3841 locum
412 3789 529 3842 habuere
547 3786 610 3838 libri
627 3786 770 3856 Sibyllini,
788 3799 816 3837 et
858 3788 907 3840 bus
926 3787 1017 3841 invehi
1032 3786 1109 3839 solita
1125 3786 1153 3836 in
1173 3784 1306 3849 nummis,
1324 3804 1366 3837 so·

304 3872 347 3939 jus
361 3867 527 3938 pontificium
549 3866 582 3918 ab
603 3866 690 3919 Numa
708 3865 814 3918 institu-
856 3863 1300 3935 lemniterillaquidemrecepta,et
1308 3866 1367 3917 Pes·

307 3961 380 4009 tum,
402 3960 429 3999 et
453 3946 592 4018 disciplina
611 3948 642 3999 ab
661 3945 814 4009 Hetruscis,
857 3948 963 4000 sinunte
974 3945 1081 4000 advecta
1092 3946 1203 3997 Romam
1210 3943 1264 4008 ,de
1277 3961 1366 4014 quare

307 4044 386 4099 quam
397 4024 508 4095 pulchre
516 4028 600 4095 signat
610 4038 703 4095 poeta,
714 4042 814 4094 quum,
858 4026 916 4079 Liv.
922 4026 1024 4090 XXIX,
1037 4036 1103 4077 xoet
1114 4024 1283 4078 11.-Secum
1294 4023 1364 4091 vulg.

306 4108 377 4169 lartio,
405 4103 458 4169 ait,
477 4104 688 4169 strlminoot'brat
709 4104 812 4172 Jupiter.
858 4119 884 4156 at
896 4106 1005 4157 caetra
1016 4125 1048 4159 ex
1056 4100 1365 4176 manuscriptisfleinsii.
