3034 4900
475 537 799 608 irretimur
825 537 971 606 xxvi
1176 535 1250 633 330

195 676 450 765 Ventorumque
467 672 486 738 J
488 694 583 738 ovem
604 670 717 763 paucis
734 670 927 763 promittere
945 669 1104 755 nummis,

248 779 364 847 Cureti
382 778 511 872 genitor
527 791 666 845 noverat
683 776 837 844 Urauius.

195 887 237 952 In
258 882 386 980 prolem
404 880 504 952 dilate
524 896 625 951 ruunt
645 881 789 977 perjuria
810 882 928 976 patris,

247 992 292 1059 Et
310 1013 442 1083 poenam
464 990 582 1059 merito
604 986 689 1057 filius
710 1012 768 1056 ore
788 985 857 1056 luit.

193 1098 281 1165 Nam
301 1120 438 1189 spurcos
459 1095 563 1164 avidae
576 1093 693 1163 lambit
713 1093 893 1162 meretricis
912 1093 1037 1177 hiatus,
1081 1151 1085 1163 .

247 1204 455 1271 Consumens
472 1200 552 1270 luxu
569 1200 761 1295 flagitiisque
779 1199 926 1269 domum.

194 1310 240 1378 Et
254 1332 336 1401 quas
356 1306 480 1378 fallacis
502 1305 634 1399 collegit
650 1306 763 1401 lingua
780 1305 941 1401 parentis,

247 1417 316 1483 Idas
333 1413 448 1483 cadem
466 1414 535 1483 noti
553 1412 665 1507 lingua
681 1412 827 1483 reliindit
848 1436 936 1507 opes.

194 1598 359 1651 -Palantes
371 1596 428 1651 MS.
438 1596 511 1668 quod
522 1616 577 1649 non
585 1610 701 1650 oontem-
745 1592 922 1668 &pugnemus
939 1593 1071 1649 secundus
1088 1606 1127 1649 ert
1141 1595 1187 1667 qui
1198 1614 1255 1665 per·

193 1678 302 1748 poerim.
745 1679 821 1729 verim
827 1678 893 1744 facit
902 1676 1054 1747 navigantes
1065 1693 1117 1746 quo
1130 1675 1232 1729 volunt.

236 1758 263 1809 3.
278 1758 411 1810 Venturum
421 1757 504 1809 Iovem
519 1756 637 1827 intellige
655 1775 701 1808 ou·
786 1775 812 1825 9.
831 1756 866 1809 Ut
880 1775 938 1828 quas
947 1757 1052 1808 Cluver.

193 1836 272 1903 xiiio,
287 1837 374 1890 saluti.
390 1836 544 1890 Beneficum
564 1834 637 1890 oidoe
652 1836 702 1889 Jn·
789 1854 831 1889 ιο.
845 1836 945 1902 defudit
960 1836 1033 1906 vulg.
1048 1866 1088 1879 -
1099 1834 1168 1887 Hinc
1183 1834 1251 1887 sorte

193 1916 277 1988 piter,
301 1928 328 1969 et
343 1916 459 1969 Saturno
480 1916 611 1970 obnitens.
635 1915 702 1969 Hor.
745 1927 839 1968 notum
859 1914 979 1969 Suntolio
999 1915 1161 1986 epigramma
1180 1911 1253 1967 houd

193 1996 283 2050 carm.
295 1997 337 2062 11,
354 2015 401 2066 17,
418 1995 549 2061 uiderit
561 1999 633 2067 impio
652 1997 702 2047 Tu·
745 1995 827 2066 poulo
844 1994 956 2060 castius,
971 1994 1000 2045 in
1015 1992 1148 2047 medicum
1167 1995 1254 2045 obete-

194 2078 243 2127 tela
256 2074 363 2129 Saturno
375 2076 505 2146 refulgens.
517 2073 621 2127 Venturi
630 2075 703 2129 hunc
746 2074 905 2139 tricentem,
923 2100 934 2121 ι
947 2074 1019 2137 Qum
1038 2074 1108 2125 bono
1124 2091 1184 2143 pars
1205 2073 1254 2124 ho·

192 2174 272 2208 usum
294 2154 402 2208 videtur
436 2155 553 2208 Homero
580 2151 701 2215 debere,
746 2154 849 2205 minum
863 2152 986 2205 muliebri
1003 2152 1099 2222 mergit
1113 2154 1140 2204 in
1157 2163 1253 2213 antro,

192 2233 267 2306 apud
289 2254 383 2307 quem,
399 2230 451 2287 Od-
468 2236 502 2300 β,
521 2241 590 2298 420,
606 2235 702 2303 {eutice
746 2233 788 2285 Ex
798 2233 846 2285 illo
859 2231 982 2285 Clemens
997 2232 1250 2303 eruitunusopee.·

192 2419 1256 2450 mmmmmmmfflmmmsfflm

633 2615 816 2683 LXXVI.

520 2850 634 2895 xxvi.
664 2849 707 2895 ΙΝ
735 2848 930 2894 EUMDEM.

194 2993 257 3113 Sl
275 3053 350 3125 tua,
369 3040 502 3126 Cureti,
519 3040 649 3133 penitus
668 3062 867 3131 cognoscere
886 3039 1003 3130 quaeris

247 3144 382 3232 Sidera,
400 3158 496 3239 patre
513 3159 570 3213 tuo
589 3146 710 3214 certius
728 3145 798 3238 ipse
816 3139 940 3237 loquar.

192 3249 295 3343 Quod
312 3250 413 3336 furis,
431 3251 561 3320 adversi
580 3248 670 3320 dedit
686 3248 897 3320 inclementia
914 3251 1053 3319 Martis:

247 3354 348 3446 Quod
364 3355 483 3451 procul
499 3381 520 3424 a
536 3357 661 3444 Musis,
679 3354 795 3426 debilis
813 3359 916 3425 Arcas
934 3369 1025 3426 erat:

234 3555 290 3620 Qui
298 3554 421 3626 superius
431 3556 593 3627 epigramma
604 3573 702 3626 eogno-
799 3563 825 3618 4.
849 3558 930 3609 Arcas
953 3558 1102 3613 Mercurius
1130 3579 1156 3612 u·
1172 3563 1255 3633 petilii

192 3635 250 3697 uit,
265 3634 392 3688 hicnihil
406 3635 516 3688 hebebit
531 3633 703 3689 difficultntie.
748 3637 839 3690 matris
861 3637 954 3702 Male,
975 3649 1001 3690 et
1020 3637 1124 3708 ipsius,
1144 3641 1255 3710 Cyllene

192 3714 311 3768 Genesin
320 3714 704 3785 hominieenorrutoatyrieom,
748 3715 875 3769 altissimo
893 3729 984 3769 monte
1006 3717 1140 3784 Arcadiae,
1160 3720 1188 3770 in
1203 3739 1256 3790 quo

191 3795 232 3846 nic
251 3805 340 3847 tumen
355 3805 386 3846 ut
399 3795 500 3849 tribnat
518 3795 630 3865 planetis
649 3795 705 3847 oin·
749 3808 777 3848 et
791 3796 971 3867 antiquissime
988 3797 1070 3868 ipsius
1084 3801 1257 3852 commoratio

190 3872 274 3945 gulis,
287 3891 347 3944 qne
357 3873 444 3929 uolent
454 3875 484 3927 in
496 3874 542 3927 ille
552 3873 705 3945 disciplina,
748 3874 808 3927 suit.
823 3876 858 3928 V.
871 3874 995 3946 Apollod.
1006 3877 1062 3941 III,
1081 3895 1121 3930 io.
1134 3879 1258 3950 Appella-

191 3971 305 4023 qneque
318 3953 421 4024 singulo
434 3973 469 4007 ex
483 3952 596 4006 Manilio
607 3953 703 4005 Firmi·
749 3953 822 4008 tione
836 3954 886 4008 hec
899 3967 1015 4009 utuntur
1026 3955 1090 4010 Stet.
1104 3956 1167 4010 silv.
1177 3960 1219 4026 ΙΙ,
1231 3979 1258 4030 7,

191 4048 280 4103 coque
303 4033 435 4086 illustrare
453 4033 530 4086 facile
552 4045 628 4085 emet.
651 4031 704 4086 Sed
750 4033 777 4087 5.
789 4035 904 4087 Martiul.
915 4036 954 4087 III
963 4075 970 4098 ,
980 4035 1024 4089 35.
1034 4036 1051 4089 J
1053 4036 1158 4091 uniones
1168 4037 1259 4092 laudet

190 4110 266 4183 piget
280 4111 450 4184 ineptiarum.
468 4111 704 4190 Itaque-deiungit·
749 4113 819 4167 Toll.
835 4118 866 4167 od
881 4116 943 4168 Auo.
958 4114 1056 4186 Eidyll.
1066 4117 1151 4183 VIII,
1168 4139 1201 4172 υ
1211 4157 1219 4184 ,
1229 4138 1256 4190 p.

191 4209 256 4244 rnnr
269 4192 374 4262 paucis.
753 4193 820 4258 344,
835 4193 928 4248 Debilis
947 4209 986 4250 est
1007 4209 1033 4248 et
1054 4215 1148 4266 parum
1165 4197 1260 4252 efficax

1038 4289 1107 4374 25³
