3034 4900
295 446 365 514 DE
393 444 569 513 RAPTU
596 446 848 516 PROSERP.
879 451 975 518 LIB.
1004 453 1079 520 Ill.
1163 453 1237 552 273

175 583 354 649 Ostentare
375 600 451 644 suos
473 590 549 670 post
570 578 707 645 Lemnia
724 577 859 647 vincula
873 577 1000 650 vultus!
1202 623 1238 672 ‚75

174 687 247 754 Hos
265 685 392 752 animos
414 681 521 750 bonus
542 679 595 750 ille
614 707 714 776 sopor
735 698 927 779 castumque
949 687 1057 757 cubile

173 788 341 860 Praebuit?
361 786 531 882 amplexus
550 787 615 857 hoc
637 813 850 882 promeruere
866 791 998 884 pudici?

173 896 247 966 Nec
268 897 410 979 mirum,
428 895 455 962 si
473 907 569 987 turpe
587 893 668 962 nihil
685 910 761 988 post
778 894 856 964 talia
874 897 974 966 ducit.

174 995 269 1092 Quid
290 1025 350 1070 vos
367 1014 516 1094 expertes
534 999 694 1068 thalami?
714 1015 886 1072 tantumne
907 1001 1040 1073 relictus

173 1107 383 1202 Virginitatis
404 1103 532 1175 honos?
548 1119 677 1175 tantum
700 1121 826 1176 mutata
845 1107 1020 1178 voluntas?
1202 1146 1238 1184 280

171 1217 248 1282 Jam
270 1213 414 1298 Veneri,
432 1226 466 1280 et
488 1213 584 1280 sociis
602 1211 725 1304 junctae
747 1214 935 1307 raptoribus
956 1215 1028 1284 itis?

173 1322 206 1387 0
228 1315 360 1413 templis
378 1317 536 1411 Scythiae,
558 1331 657 1411 atque
675 1318 847 1387 hominurn
866 1321 1048 1391 sitientibus
1068 1325 1132 1394 aris

172 1426 325 1519 Utraque
345 1423 444 1518 digna
465 1419 545 1492 coli!
565 1425 648 1492 tanti
667 1449 740 1518 quae
758 1448 857 1494 causa
875 1425 1016 1495 furoris?

174 1531 286 1620 Quam
308 1553 383 1598 rnea
404 1527 456 1597 vel
479 1529 569 1598 dicto
591 1531 681 1597 tenui
702 1532 897 1625 Proserpina
920 1529 1022 1602 laesit?

173 1635 306 1707 Scilicet
327 1651 386 1705 aut
407 1636 493 1704 caris
514 1633 643 1730 pepulit
662 1650 715 1720 te,
737 1634 852 1724 Delia,
876 1635 983 1724 silvis;
1199 1675 1236 1715 ,η

172 1743 241 1811 Aut
265 1742 325 1811 tibi
346 1742 537 1810 commissas
558 1743 684 1836 rapuit,
699 1743 866 1828 Tritonia,
888 1743 1041 1838 pugnas?

173 1852 226 1917 An
248 1849 357 1941 gravis
380 1845 546 1940 alloquio?
567 1861 694 1916 vestros
716 1870 759 1914 an
781 1847 865 1917 forte
887 1850 1020 1943 petebat

172 1957 369 2049 Importuna
392 1951 534 2021 choros?
554 1955 644 2046 atqui
665 1954 836 2022 Trinacria
859 1952 975 2048 longe,

175 2062 271 2129 Esset
290 2085 333 2128 ne
353 2058 449 2127 vobis
471 2061 581 2144 oneri,
603 2058 732 2128 deserta
754 2057 892 2128 colebat.

176 2162 268 2254 Quid
288 2164 419 2235 latuisse
438 2163 553 2258 juvati
574 2165 697 2233 rabiem
720 2163 832 2234 livoris
853 2166 963 2234 acerbi
1197 2213 1234 2252 „0

177 2269 279 2338 Nulla
299 2284 405 2364 potest
426 2269 557 2366 placare
578 2271 711 2364 quies.»
737 2272 797 2338 His
820 2273 968 2366 increpat
989 2297 1103 2342 omnes
1184 2341 1191 2346 .

176 2375 323 2445 Vocibus
342 2401 349 2442 :
368 2391 417 2446 ast
439 2375 519 2462 illae,
541 2375 697 2469 prohibet
718 2377 902 2446 reverentia
924 2380 1045 2472 patris,

175 2484 242 2552 Aut
263 2486 416 2570 reticent,
438 2498 496 2552 aut
517 2505 613 2552 nosse
635 2499 773 2577 negant,
796 2508 1017 2579 responsaque
1041 2490 1138 2555 matri

173 2590 264 2659 Dant
287 2590 475 2684 lacrymas:
498 2588 579 2682 quid
600 2587 696 2683 agat?
716 2614 829 2658 rursus
853 2613 887 2657 se
909 2592 997 2658 victa
1018 2593 1172 2682 remittit,

172 2698 275 2791 Inque
298 2694 439 2764 humiles
461 2695 601 2763 demissa
623 2719 755 2789 preces:
779 2698 990 2788 «Ignoscite,
1014 2698 1141 2791 siquid
1196 2730 1233 2782 ηε

212 2902 623 2975 276.Bonusiilesopor,·dietum
632 2920 682 2974 per
725 2904 853 2973 Iphigenia
867 2908 891 2955 in
915 2905 1009 2957 Tauris.
1020 2906 1157 2962 Exclamat
1176 2928 1232 2964 non
1313 2912 1318 2925 ’

169 2985 299 3051 ironiam,
327 3002 389 3055 que
412 2983 629 3054 pronuntiatione
655 2994 682 3035 et
725 2983 837 3037 Dianam
850 2982 930 3036 modo
943 2983 1051 3055 dignam
1064 3002 1232 3058 ease,quaea

168 3077 242 3134 gratu
259 3062 380 3137 juvanda
402 3074 454 3127 eat,
473 3074 505 3115 ut
527 3074 682 3133 agnoscatur
724 3063 843 3115 barbaria
854 3063 965 3117 barbara
976 3062 1042 3117 adeo
1051 3064 1180 3135 religione
1191 3086 1236 3120 co·

169 3162 248 3216 sopor
263 3140 518 3197 infamisadnlterar.
529 3143 582 3194 En.
724 3142 804 3205 latur,
819 3140 865 3194 sed
880 3144 978 3195 mereri
991 3141 1061 3195 idern
1075 3143 1232 3199 Minervam.

210 3221 682 3295 277.110cpmwuen,utimpune
725 3221 853 3291 -ang.
872 3222 1006 3285 lrominem,·
1028 3222 1118 3277 Heins.
1133 3243 1164 3277 ea
1184 3244 1232 3292 se,

168 3302 206 3355 illi
222 3303 301 3359 liceat
313 3304 406 3355 lenam
419 3319 509 3373 agere,
522 3313 550 3352 et
566 3298 680 3371 prodere
725 3300 852 3353 bominum.
863 3300 913 3353 En.

167 3384 267 3455 raptori
278 3381 423 3454 virginem.
763 3379 1233 3453 288.Longaestidernquodprocnl,

209 3482 275 3533 ²79·
291 3464 416 3532 Expertes
435 3460 551 3521 tholam
566 3458 682 3528 virgines
724 3470 828 3510 remoto
845 3458 873 3510 in
891 3458 967 3521 loco,
984 3478 1018 3513 ne
1036 3461 1233 3515 incommodare

169 3541 297 3615 innupta.
306 3543 388 3611 Virg·
402 3539 481 3592 -Non
488 3538 564 3591 licuit
573 3536 681 3591 thalami
725 3538 770 3590 eui
784 3538 881 3609 possit;
896 3551 926 3592 ut
938 3550 1031 3591 contra
1043 3541 1126 3611 Longe
1140 3542 1178 3593 illi
1187 3542 1232 3593 dea

169 3635 303 3692 expertem
321 3621 383 3675 sine
399 3618 510 3671 crimine
528 3616 610 3670 vitam
628 3618 681 3669 De-
725 3630 801 3668 mater
815 3620 874 3680 erit,
893 3620 954 3670 AEn.
969 3618 1038 3683 XII,
1058 3618 1103 3684 52,
1116 3632 1145 3672 ut
1163 3618 1233 3672 nihil

168 3718 245 3771 gere,
258 3714 312 3754 etc.
332 3726 343 3747 ιι
365 3698 491 3761 AEn.1V,
506 3696 561 3750 550
575 3712 613 3767 sq.
627 3696 679 3747 En.
724 3691 807 3765 possit
824 3695 956 3766 adjurare.

209 3782 274 3835 282.
291 3777 400 3849 Templis
409 3776 524 3846 Scythice,
538 3776 566 3827 in
577 3775 681 3838 Tauris,
768 3794 830 3844 ²90·
840 3776 948 3836 moon„
957 3786 1122 3846 pestemque
1131 3776 1231 3829 animos

167 3860 306 3913 colebatur
316 3860 422 3921 Diana,
432 3858 509 3926 cujus
521 3855 559 3907 ibi
569 3874 623 3917 ara,
638 3854 682 3905 to·
724 3854 866 3907 bominum
879 3855 1017 3917 infestant,
1033 3866 1152 3925 ternpore
1164 3856 1232 3908 mol-

169 3943 253 3991 Μ
263 3939 437 4011 peregrinum
450 3938 541 3997 sitiens,
556 3933 682 4004 sangnine
725 3933 847 3997 linntnr;
858 3945 883 3984 at
892 3930 991 3984 invidia
1003 3944 1114 4004 augetur
1121 3934 1150 3986 in
1161 3934 1233 4001 dies,

169 4016 271 4071 Oreste
285 4019 328 4071 vel
344 4013 454 4087 Pylade
468 4010 628 4079 imbuenda,
641 4030 683 4065 ar·
727 4012 882 4081 nullumque
891 4009 1053 4076 remedium,
1063 4013 1114 4065 nisi
1123 4032 1232 4075 eorum,

168 4110 326 4167 rumentum
347 4108 389 4149 eet
409 4094 504 4147 iahilu
518 4089 682 4163 Euripiden,
727 4088 986 4161 quibns'inritletur,
1001 4092 1146 4146 calamitate
1158 4110 1234 4162 repe·

220 4208 271 4274 II.
1005 4200 1049 4269 18
