3034 4900
238 430 242 442 '
338 445 407 514 nn
435 393 603 512 nario
631 443 875 510 nnosunp.
903 444 998 512 nus.
1024 445 1075 512 11.

165 578 299 648 Fraude
316 577 456 647 Dionaen
475 578 586 671 riguos
604 576 801 670 Proserpina
818 573 920 645 saltus

166 681 246 769 (Sic
264 687 377 754 Paroae
395 675 548 772 volvere)
566 684 667 778 petit:
682 697 733 751 tar
751 682 885 752 cardine
902 706 1000 754 verso

166 795 359 886 Prasagum
378 789 528 859 cecinere
546 788 633 868 fores
647 815 658 878 3
672 803 723 858 ter
740 790 873 860 conscia
889 787 949 858 fati

167 896 294 966 Flebile
312 884 465 966 terrificis
483 897 609 991 gemuit
625 896 805 992 mugitibus
823 898 951 965 Henna.

167 1001 280 1074 Nullis
297 1001 354 1071 illa
371 1018 483 1072 tamen
501 1003 671 1090 monstris,
686 1001 845 1098 nulloque
860 1016 996 1072 tenetur

169 1109 338 1204 Prodigio·
358 1110 506 1179 Comites
522 1133 670 1204 gressum
685 1109 825 1203 junxero
843 1133 983 1178 sorores.

169 1217 284 1285 Prima
300 1213 379 1285 dolo
398 1213 565 1311 gaudens,
582 1230 616 1286 et
632 1216 717 1285 tenti
734 1215 854 1285 callida
870 1217 958 1302 voti,

170 1325 205 1391 It
222 1325 358 1410 Venus,
376 1337 410 1390 et
428 1337 542 1418 raptus
557 1323 694 1392 metitur
710 1320 812 1393 corde
829 1322 975 1409 futuros,

170 1431 246 1496 Jarn
264 1426 385 1496 durum
405 1427 531 1498 flexura
548 1429 678 1516 Chaos,
690 1429 779 1522 jam,
797 1430 877 1498 Dite
895 1429 1050 1517 subacto,

172 1535 303 1628 Ingenti
322 1532 463 1604 famulos
482 1537 599 1604 Manes
617 1535 758 1606 ductura
775 1535 956 1630 triumpho.

225 1638 279 1708 Illi
296 1639 477 1712 multifidos
491 1643 591 1712 crinis
609 1642 759 1712 sinuatur
775 1643 810 1710 in
827 1642 926 1712 orbes
1218 1672 1241 1710 ,s

172 1744 276 1814 Idalia
293 1746 418 1816 divisus
434 1771 515 1816 acu:
535 1748 651 1817 sudata
669 1751 789 1818 marito

174 1969 231 2012 ctus
238 1957 687 2030 marisnigrioantes‚obacusioerte
730 1958 774 2029 gia
792 1969 958 2012 numeratur.
978 1957 1049 2010 Nam
1066 1958 1118 2012 hoo
1137 1956 1242 2012 insueto

174 2038 687 2110 etcarulei‚inipsomotnetiamsplen-
731 2039 836 2108 fragore
860 2039 930 2091 bella
951 2035 1091 2109 cladesque
1115 2036 1242 2109 portandi

175 2115 285 2186 didam,
298 2115 435 2184 lucidum,
447 2131 473 2172 et
487 2136 563 2191 pane
577 2117 687 2192 igneum
732 2116 889 2171 creduntur.

175 2199 306 2270 fulgorem
330 2215 455 2272 spargere
480 2198 573 2252 solent.
599 2199 688 2251 Etiam
775 2194 1157 2268 10.Causaindicatnr,quod
1170 2210 1242 2251 mota

176 2297 277 2332 aurora
298 2279 417 2332 colorem
436 2277 564 2333 reflexum
585 2297 599 2331 a
620 2277 688 2332 mari
731 2295 787 2330 non
802 2289 842 2330 est
853 2274 982 2348 prodigiis
995 2277 1155 2347 Proserpina
1167 2296 1174 2330 :
1186 2277 1241 2329 Ve-

176 2359 310 2412 observari
318 2375 410 2431 posse,
420 2357 527 2430 colligas
536 2377 567 2412 ex
576 2358 618 2425 iis,
628 2375 688 2431 quae
730 2375 798 2422 nus,
814 2357 917 2424 Diana,
933 2357 1057 2410 Minerva
1068 2356 1143 2410 illam
1158 2357 1242 2412 oonsi-

177 2436 334 2513 disputatio
346 2437 464 2493 Historia
478 2438 560 2493 Maris
575 2437 687 2510 Physica
731 2449 829 2491 tantur.

177 2518 308 2573 liar-ailina
325 2520 423 2573 Comes
435 2538 495 2591 pag.
515 2538 549 2572 ao
562 2518 688 2573 editionis
774 2536 817 2571 11.
826 2518 1178 2589 Dologauderas:Venus·est
1188 2518 1241 2570 sla-

178 2598 292 2653 Galliete.
730 2597 812 2665 orior,
821 2596 939 2670 gaudem
948 2597 1044 2651 dolum
1052 2596 1104 2651 sibi
1112 2616 1145 2651 ex
1154 2597 1245 2650 animo

217 2682 244 2732 6.
262 2678 326 2739 (Sic
347 2678 436 2730 Pareoe
455 2678 572 2738 uoluere)
593 2697 689 2751 paren·
731 2676 881 2731 succedere.

177 2758 256 2813 thesis
277 2757 373 2813 similis
394 2756 543 2812 Homerico
563 2758 688 2831 principii
776 2758 821 2811 13.
833 2758 915 2811 Chaos
927 2776 983 2811 sese
995 2757 1066 2829 ipsos
1076 2756 1243 2823 inferos,di·

177 2838 280 2904 Iliadis,
294 2841 348 2899 Διὸς
365 2832 391 2889 δ’
407 2840 525 2892 latialem
544 2840 626 2905 βουλή.
641 2838 689 2891 Di·
732 2849 807 2891 ctum
818 2836 852 2892 ad
864 2839 900 2902 V,
915 2835 980 2890 525.

177 2919 230 2972 ctio
247 2918 340 2971 similis
351 2917 519 2988 Virgilianos,
527 2922 587 2973 AEn.
597 2920 626 2984 1,
642 2938 689 2985 aa,
777 2924 822 2980 14.
830 2916 963 2990 Proponit
973 2916 1055 2970 Poeta
1068 2914 1164 2981 Chaos,
1175 2916 1244 2971 infe·

177 3002 212 3049 sic
222 2999 317 3050 uoluere
329 2998 432 3072 Papcas.
703 3016 707 3025 ·
731 3016 791 3062 roa,
801 3010 928 3069 tanquam
939 3015 1063 3069 magnam
1076 2996 1190 3068 aliquam
1198 2999 1244 3064 sa·

219 3096 245 3148 7.
270 3078 319 3130 Ter
336 3075 405 3131 illud
425 3080 569 3149 repetitum
589 3074 689 3131 indicat
732 3077 833 3140 milium,
848 3078 876 3129 in
889 3096 942 3148 qua
958 3077 1069 3140 herum,
1083 3077 1188 3140 Ditem,
1201 3095 1243 3128 sa·

178 3175 233 3209 nou
255 3169 353 3211 temen
373 3170 418 3210 ant
437 3157 554 3211 naturali
573 3154 690 3228 quadam
732 3169 850 3228 quantur
861 3155 973 3210 ductiin
984 3155 1121 3226 triumpho
1130 3156 1245 3209 Veneris

176 3238 280 3291 ratione
294 3234 439 3307 accidisse,
451 3236 497 3291 sed
513 3236 626 3292 oonsilio
639 3238 690 3290 Dei
726 3236 820 3304 farmuli
826 3237 924 3301 Manes,
936 3233 1126 3289 defunctorum
1139 3235 1241 3289 animae.

176 3319 220 3370 rel
230 3320 294 3371 Deae
307 3317 428 3388 alicujus.
440 3318 534 3371 Januae
546 3318 609 3371 alias
620 3318 690 3371 hene
732 3349 773 3360 -
781 3317 885 3369 ducum
895 3317 1027 3387 minoph03
1036 3316 1114 3367 Rom.
1129 3335 1213 3369 more.

176 3398 282 3469 politae,
293 3396 466 3468 sumerepitu
473 3398 579 3451 etvelut
587 3397 690 3469 gemitu
777 3400 821 3450 16.
836 3396 896 3449 Jana
911 3396 998 3469 pingit
1013 3394 1115 3449 cultum
1128 3408 1244 3467 quatuor

177 3477 296 3549 quodam
316 3476 433 3549 repetito
456 3490 568 3550 apertae,
589 3478 688 3531 malum
732 3476 849 3529 Deorum
870 3476 1011 3548 :primum
1023 3470 1153 3541 Veneris,
1169 3479 1244 3546 cujus

178 3576 265 3611 omen.
275 3558 333 3623 Qui
341 3556 392 3609 alia
400 3557 489 3610 omina
496 3560 640 3629 januarum
651 3555 691 3610 di·
733 3556 846 3628 simplex
863 3569 902 3610 est
914 3568 1032 3609 ornatus.
1045 3556 1087 3609 De
1101 3556 1183 3608 Idalia
1198 3576 1244 3606 acu

176 3636 289 3708 ligeum
308 3636 427 3707 collegit,
448 3638 499 3691 hac
520 3636 554 3691 de
572 3657 602 3691 re
622 3649 691 3691 taoet
733 3634 878 3703 vidxlv,
892 3654 915 3689 1.
927 3634 1245 3704 Desudarafibulamariro

176 3716 270 3789 Sagitt.
282 3716 319 3769 de
327 3716 416 3789 januis
427 3717 500 3771 Vstt.
514 3718 629 3783 XXXV,
643 3717 688 3780 15,
733 3714 806 3769 illius
815 3716 948 3780 Vulcano,
956 3713 991 3768 ad
1001 3714 1106 3779 XXIV,
1116 3721 1163 3783 9⁴·
1172 3712 1244 3765 Illud

174 3814 202 3868 p.
218 3800 275 3853 268
290 3815 331 3869 sq.
733 3796 857 3867 suspendit
869 3796 905 3847 ita
918 3792 1049 3865 intelligo,
1062 3804 1094 3845 ut
1106 3792 1134 3844 in
1149 3788 1245 3847 dext'ro

217 3880 245 3931 8.
253 3878 360 3930 Henna:
371 3876 415 3929 alii
425 3875 517 3947 legunt
527 3876 620 3941 AEtne,
631 3894 690 3947 qnae
732 3873 907 3939 humero‚vel
914 3874 943 3926 in
950 3892 1053 3925 summo
1059 3885 1168 3945 pectore
1177 3872 1245 3926 adeo

175 3975 255 4010 mons
265 3954 423 4022 estSicilia3
434 3970 460 4009 et
472 3955 547 4009 velut
559 3954 690 4025 gemendo
734 3953 795 4009 dues
804 3954 879 4006 velut
889 3952 936 4005 alte
948 3952 1059 4005 amictus
1069 3952 1110 4006 vel
1123 3954 1199 4025 palla
1212 3954 1245 4005 fi-

175 4036 287 4107 impulit
309 4036 458 4109 mugitum‚
486 4054 532 4088 seu
559 4035 692 4107 fragorem
735 4034 798 4088 bula
820 4050 945 4087 oonnexa
967 4032 1082 4101 inerint,
1104 4032 1169 4105 que'
1183 4030 1250 4085 inde

175 4115 344 4171 horrendum
360 4134 367 4170 :
383 4113 412 4168 id
425 4112 499 4186 qnod
515 4116 585 4167 inter
599 4112 692 4187 prodi-
736 4112 855 4187 pendere
868 4110 1033 4166 viderentur.
