3034 4900
298 485 374 572 311
431 563 440 590 Δ,
551 473 1098 556 11011111111111111111

297 641 409 686 sumus
424 618 577 712 ingressi,
591 617 647 686 tali
666 633 756 688 certe
776 639 892 713 opera,
908 643 980 712 quae
997 616 1050 686 vel
1068 615 1137 686 sola
1153 643 1230 687 eum
1249 633 1367 689 totum

295 723 390 792 nobis
413 737 447 792 et
469 726 638 793 communi
660 723 850 793 mortalitati
872 723 1007 792 reddere
1033 727 1143 818 potuit
1164 724 1368 819 explicatio-

295 854 377 915 rem,
398 829 448 898 Ab
471 853 512 899 eo
532 844 683 926 tempore
704 830 779 925 plus
800 829 1018 900 subsidiorum
1039 829 1168 925 adeptis
1190 853 1368 901 resumere

295 930 434 1006 eandem
456 959 610 1031 operam,
631 949 665 1005 et
685 936 844 1031 quidquid
865 937 898 1004 in
920 935 1034 1006 eodem
1056 938 1286 1030 praestitissent
1310 938 1368 1006 alii

294 1043 496 1129 examinare,
511 1044 618 1137 itaque
636 1044 907 1137 pretiosissimum
925 1044 1119 1137 scriptorem
1137 1045 1310 1138 excipere,
1327 1058 1368 1112 nt

296 1149 456 1242 primum,
473 1149 583 1242 quoad
594 1149 665 1242 ejus
684 1149 756 1218 fieri
776 1164 904 1244 posset,
922 1148 1133 1218 redderemus
1152 1147 1367 1219 emaculatis·

295 1253 433 1341 simum,
448 1253 566 1325 deinde
581 1269 615 1328 et
629 1254 863 1325 clarissimum.
880 1303 889 1319 .
907 1257 1125 1350 .Conquisitis
1140 1259 1252 1350 itaque
1271 1271 1366 1325 vete-

295 1359 387 1430 ribus
408 1359 515 1448 libris,
536 1361 689 1431 adhibitis
711 1361 886 1431 doctorum
908 1361 1080 1430 hominum
1102 1365 1366 1432 commentatio-

265 1547 272 1568 *
296 1467 412 1553 nibus,
424 1481 457 1536 et
471 1471 564 1536 omni
582 1493 703 1562 genere
720 1468 839 1537 veteris
855 1466 1073 1562 Philosophiae
1088 1466 1366 1563 Philologiseque,

296 1573 487 1668 nullumque
510 1573 579 1642 lere
602 1598 689 1644 verae
713 1573 930 1668 legitimaeque
955 1575 1164 1668 Antiquitatis
1188 1589 1365 1644 auctorem

296 1682 456 1748 intactum
488 1677 732 1776 relinquentes,
764 1675 840 1748 eum
873 1679 1075 1750 confecimus
1105 1694 1220 1749 nostro
1251 1679 1363 1748 solum
1487 1679 1488 1692 ¹

296 1800 421 1872 marte,
444 1789 521 1855 satis
542 1785 689 1881 amplum
713 1786 919 1880 liberumque
943 1787 1236 1868 commentarium,
1260 1811 1365 1880 quem

296 1892 360 1961 bac
376 1891 518 1961 editione
536 1892 737 1962 exhibemus.
751 1895 943 1962 »Ceterum
962 1893 1033 1963 haec
1049 1891 1125 1960 edit
1143 1891 1270 1960 mendis
1289 1915 1363 1961 sea·

296 2011 359 2084 tet,
379 1999 561 2092 presertim
580 2001 615 2067 in
633 2000 775 2085 Graecis,
796 1999 885 2092 quod
905 2000 974 2093 ipse
996 1999 1149 2067 Barthius
1169 2023 1237 2066 uon
1259 1997 1362 2067 semel

295 2119 330 2172 et
353 2103 484 2200 publice
506 2119 540 2174 et
565 2107 718 2200 privatim
744 2119 943 2200 conquestus
967 2119 1016 2174 est
1043 2119 1127 2174 teste
1148 2105 1300 2173 Dammb
1326 2105 1362 2172 in

297 2209 388 2305 prael.
401 2211 496 2278 Statii
515 2237 533 2279 a
551 2212 686 2280 Barthio
703 2211 854 2280 illustrati
872 2235 959 2279 anno
979 2209 1085 2296 1664.
1105 2209 1211 2278 Index
1227 2235 1361 2305 quoque
1487 2191 1488 2254 ἔ

296 2315 488 2403 Claudiani,
501 2341 599 2410 quem
617 2315 703 2385 idem
719 2317 881 2386 Daumius
897 2319 989 2411 epist.
1005 2319 1072 2385 XX
1089 2315 1131 2385 ad
1148 2317 1267 2385 Thom.
1283 2319 1359 2385 Rei·
1487 2357 1488 2364 1

295 2423 421 2491 nesium
439 2445 511 2492 ase
529 2424 720 2493 concinnari
738 2424 834 2510 dicit,
852 2425 886 2492 in
903 2423 966 2492 hac
987 2437 1076 2501 certe
1096 2421 1145 2492 ed.
1166 2421 1266 2492 deest.

246 2568 255 2582 κ
355 2526 460 2614 1654.
477 2532 576 2598 Hunc
594 2554 718 2599 annum
734 2530 915 2625 praeferunt
930 2528 992 2598 alia
1009 2509 1159 2624 exempla
1174 2530 1358 2599 barthianae
1487 2577 1488 2580 =

296 2658 362 2727 qua
377 2634 420 2703 de
437 2660 473 2703 re
492 2635 566 2705 vide
584 2640 768 2706 Gesnerum
788 2661 819 2730 p.
839 2636 990 2705 XXXIV
1009 2656 1075 2729 seq.

563 2848 692 2916 AE'l'AS
710 2850 773 2916 IV.
797 2850 1095 2917 HEINSIANA.

322 3064 375 3126 ,A
398 3061 470 3129 Nic.
492 3062 652 3145 Herium,
675 3058 797 3129 celebri
821 3074 994 3155 poetarum
1017 3057 1195 3126 latinorum
1219 3060 1356 3151 sospita-

294 3182 383 3250 tore‚
400 3166 455 3259 qui
470 3168 568 3234 etiam
583 3165 756 3235 Claudiani
770 3178 896 3234 textum
911 3162 1084 3244 collatione
1098 3166 1247 3233 XXVlll
1263 3166 1356 3233 Mss.

294 3286 508 3362 veterumque
521 3271 595 3339 edd.
610 3272 798 3339 emendavit
806 3273 839 3339 in
853 3269 903 3338 ed.
918 3274 953 3355 l,
970 3266 1066 3339 1650
1076 3294 1094 3336 a
1106 3272 1156 3338 Jo.
1172 3269 1258 3338 Frid.
1272 3272 1357 3340 Gro-

292 3381 390 3445 nooio
412 3388 545 3461 curata,
564 3376 640 3444 dein
664 3402 705 3444 ex
726 3400 814 3444 nova
840 3374 978 3445 aliorum
1004 3376 1102 3444 Mss.
1128 3374 1301 3445 collatione
1324 3378 1358 3444 in

294 3480 526 3553 Schreveliana
548 3484 584 3550 ll
608 3506 685 3549 ann.
712 3480 809 3553 1665
834 3484 919 3551 notis
940 3482 1097 3550 auctiore.
1124 3482 1248 3550 Heinsii
1271 3483 1358 3551 curis

270 3661 277 3669 p
294 3590 426 3659 tandem
442 3603 519 3682 post
534 3586 680 3659 seculum
698 3612 773 3658 suas
785 3590 923 3681 junxere
938 3587 1104 3656 duumviri
1119 3590 1291 3657 Musarum
1308 3614 1358 3657 sa·

294 3696 444 3765 cerdotes
464 3698 513 3764 Jo.
536 3695 657 3764 Matth.
683 3698 852 3764 Gesnerus
872 3710 905 3764 et
922 3696 1008 3762 Petr.
1030 3698 1261 3781 Βιινιηωιηω,
1276 3718 1357 3789 quas

294 3801 335 3868 ad
355 3825 431 3870 ann.
456 3798 554 3896 1759
576 3814 610 3870 et
632 3799 730 3896 1760
751 3822 968 3871 recensemus.

352 3905 459 3978 1650.
475 3906 582 4001 htgd
601 3912 679 3976 eat.
704 3932 758 3977 ta.
782 3933 810 3975 c.
829 3932 860 3974 11.
883 3906 955 3976 Nic.
973 3909 1120 3989 Helleni,
1142 3910 1194 3999 ap.
1216 3905 1355 3974 Elzevir.
1487 3948 1488 3955 1

293 4013 469 4080 lleinsiana
483 4015 583 4107 prior.
600 4011 651 4081 Ad
669 4036 768 4106 quam
787 4014 976 4082 Gesnerus:
998 4014 1077 4080 utu
1095 4012 1246 4080 confessa
1263 4026 1355 4095 sunt,
1487 4030 1488 4081 l

293 4120 415 4215 inquit,
431 4118 559 4187 Nicolai
575 4120 700 4189 Heinsii
718 4119 759 4187 de
775 4120 880 4215 poetis
897 4123 1026 4203 merita,
1043 4120 1086 4188 ita
1105 4144 1203 4213 supra
1221 4142 1353 4187 omnem
1487 4122 1488 4188 l
