3034 4900
336 473 404 542 DE
431 473 606 541 RAPTU
634 471 885 541 PROSERP.
914 473 1007 540 LIB.
1036 472 1109 539 111.
1194 473 1262 544 261

203 611 246 676 ln
267 630 321 676 me
343 605 475 674 saevitiae
496 603 566 674 est?
587 603 684 699 rigidi
705 628 766 672 cur
786 603 918 672 vincula
941 603 1018 673 ferri

181 796 185 802 V
206 713 271 783 Vix
292 709 535 807 aptanda-feris
557 709 672 780 molles
692 733 843 780 meruere
866 708 1000 779 lacerti?
1245 743 1270 794 ⁹⁵

205 821 277 905 Tu,
298 831 431 886 meatu
452 815 585 910 proles?
605 841 647 885 an
670 840 755 885 vana
777 814 922 884 fallimur
943 816 1110 884 umhraP»

260 921 322 992 Illa
343 923 444 993 refert
466 948 474 990 ι
501 925 605 991 «Heu
626 922 698 990 dira
719 946 856 1016 pareus,
878 937 1027 1017 nataeque
1049 938 1229 1020 perempte

206 1025 402 1099 Immemor!
426 1028 493 1096 heu
514 1026 623 1097 fulvas
644 1030 754 1097 animo
776 1042 980 1122 transgressa
1001 1028 1135 1118 lemnae,

207 1138 358 1205 Tantane
378 1149 411 1204 te
432 1137 538 1203 nostri
558 1149 695 1204 tenuere
716 1132 857 1203 oblivia?
879 1147 1008 1204 tantum

208 1243 318 1310 Unice
339 1239 525 1337 despicior?
546 1255 636 1310 certe
656 1242 851 1335 Proserpina
874 1265 996 1311 nomen

208 1346 317 1418 Dulce
339 1348 416 1435 tibi,
438 1347 495 1417 tali
515 1373 589 1442 quae
610 1372 719 1436 nunc,
740 1361 778 1416 ut
799 1347 1041 1432 cernis‚‘hiatu

251 1576 298 1644 95.
322 1575 427 1628 Vincula
448 1579 494 1628 oie
517 1575 624 1648 aptam
640 1578 720 1645 sen's;
765 1572 1273 1650 eet.ltaquellomericushchillee,od.

209 1673 270 1726 quse
284 1667 338 1708 tam
352 1654 437 1718 dura,
452 1667 505 1708 tem
520 1656 630 1709 horride
643 1670 721 1724 sunt,
763 1666 791 1724 λ,
809 1661 876 1723 488,
889 1656 963 1729 apud
978 1658 1101 1730 Ulyssem
1121 1656 1230 1723 latetur,
1246 1673 1274 1709 se

209 1747 241 1786 ut
255 1735 335 1788 etiem
348 1736 480 1788 nollemus
495 1736 527 1788 iis
544 1736 640 1789 bestias
655 1756 720 1790 con·
764 1739 843 1791 malle
862 1737 985 1809 quemvis
1003 1737 1100 1790 humili
1119 1735 1275 1790 conditione

208 1813 313 1885 stringi.
764 1819 855 1872 vivere
870 1815 940 1889 epud
955 1835 1081 1889 superos,
1094 1835 1175 1888 quern
1189 1817 1275 1888 impe·

251 1896 298 1962 98.
314 1893 416 1946 henas
436 1895 527 1948 metris
541 1907 610 1959 ture,
623 1896 721 1966 quihus
765 1917 823 1951 rure
838 1898 952 1950 mortuis
963 1897 1103 1962 omntbm,
1120 1923 1131 1945 ι
1143 1897 1275 1966 Βουλσὶμην

210 1974 241 2025 in
256 1973 374 2045 hospitio
394 1973 466 2028 illius
479 1987 555 2028 vecta
571 1995 606 2028 es
623 1976 677 2029 Has
691 1993 722 2028 uc
765 1979 925 2048 e'leripcupoe
935 1979 978 2032 liu
989 1979 1117 2046 lursulpor
1127 1977 1191 2046 lup
1199 1967 1275 2046 dsdpi

212 2051 322 2123 tigrides
345 2053 478 2108 nominari
503 2054 532 2107 in
556 2053 722 2109 crudelitatis
765 2067 825 2127 παρ’
841 2058 951 2130 ἀκλήρῳ,
965 2052 984 2125 ᾧ
998 2057 1032 2127 μὴ
1046 2057 1127 2122 βίοτος
1139 2051 1214 2116 erili
1225 2055 1276 2118 clu,

213 2132 721 2203 exprobrationesolemneestwl.105.
766 2126 789 2190 ll
817 2140 892 2190 πᾶσιν
925 2137 1035 2192 eruisset
1065 2136 1275 2205 καταφθιμένοισιν

214 2210 286 2263 lllud
310 2231 343 2265 ex
367 2213 547 2266 humanorum
572 2215 723 2267 animorum
766 2217 894 2270 ἀνάσσειν·
919 2217 981 2282 Quo
1009 2215 1117 2267 nomine
1148 2213 1216 2268 mele
1243 2211 1277 2266 de

215 2291 366 2361 cognitione
372 2292 538 2347 sciteePoetc
544 2295 724 2359 observatum,
766 2296 886 2362 Achille,
898 2299 975 2368 pejus
987 2294 1067 2348 etium
1079 2292 1113 2347 de
1125 2312 1153 2346 re
1167 2294 1277 2347 meritur

215 2370 724 2445 miseriusucsaugerehominee‚culpe
767 2389 806 2428 est
830 2377 917 2428 bonus
941 2375 1082 2428 Homerus.
1107 2373 1170 2427 llaec
1191 2373 1279 2445 prima

214 2450 322 2505 illarum
332 2452 383 2505 sihi
396 2466 492 2506 mutuo
507 2452 681 2525 imputanda,
694 2468 725 2507 nt
767 2468 913 2523 causaest,
931 2456 967 2509 ob
982 2474 1062 2528 qnam
1081 2455 1159 2507 illum
1177 2452 1211 2507 de
1230 2472 1278 2506 sue

214 2530 259 2585 hic
273 2545 384 2586 matrem
402 2552 496 2604 erpere
508 2546 535 2587 et
554 2554 631 2607 pune
643 2535 725 2606 impie
767 2537 903 2608 republica
919 2554 1007 2589 exerce
1017 2534 1095 2607 jussit
1105 2535 1196 2599 Pluto,
1207 2546 1278 2587 certe

213 2624 320 2665 accusa
332 2613 500 2684 Proserpina.
514 2608 554 2658 ’-
565 2614 654 2668 Fulras
667 2616 723 2667 lee-
767 2616 797 2668 hi
811 2616 892 2687 primi
906 2635 1014 2679 versus,
1029 2634 1095 2687 quos
1109 2612 1191 2667 deleri
1203 2613 1279 2683 jubet

212 2711 276 2755 uun
287 2692 372 2760 fulcris
388 2693 448 2759 leo,
460 2694 532 2761 fulva
551 2694 650 2760 leaenu3
668 2695 725 2768 epi·
766 2696 839 2748 libro
854 2696 913 2760 111,
931 2714 974 2767 pr.
988 2712 1016 2766 p.
1032 2694 1106 2760 43²,
1123 2695 1154 2747 C.
1171 2694 1219 2745 ubi
1233 2712 1279 2745 ro-

213 2771 309 2825 theton
319 2786 496 2844 perpetuum:
507 2774 553 2829 vel
566 2775 635 2829 forte
642 2775 726 2841 fulvus
768 2772 869 2846 gendos
890 2774 927 2828 ait
948 2785 1054 2845 poetes,
1070 2791 1105 2827 ne
1122 2772 1279 2844 simpliciter

214 2848 325 2905 denotet
361 2855 491 2924 majorem
525 2854 666 2908 feritatem.
687 2886 726 2897 -
768 2856 922 2925 vituperent
934 2854 1052 2921 inferos,
1065 2865 1117 2907 etc.
1132 2852 1226 2923 Neque
1241 2852 1280 2905 el·

220 2932 399 3003 Transgrma5
417 2934 627 3003 compleremus.
769 2934 890 3006 sugit-hic
899 2934 974 2988 locus
984 2952 1077 2987 nasum
1085 2932 1199 2986 Luciaui
1210 2932 1278 2985 Diel.

259 3030 321 3065 ror.
331 3012 436 3067 rrum
443 3012 490 3066 hic
498 3025 605 3084 oportet
613 3014 728 3085 cogitare
770 3026 849 3067 mort.
870 3014 919 3081 15,
933 3032 962 3085 p.
979 3012 1050 3084 399,
1063 3012 1112 3065 ubi
1125 3012 1188 3065 lucit
1202 3012 1281 3064 Anti*

216 3102 248 3143 ut
256 3104 377 3162 apertum
386 3110 511 3163 specum,
525 3111 584 3164 quee
595 3110 655 3145 cum
666 3094 729 3145 hor·
769 3094 878 3147 lochum
897 3092 986 3147 dicere
1006 3092 1123 3156 Achilli,
1141 3092 1211 3144 hanc
1233 3110 1282 3143 vo·

218 3171 291 3225 n'hili
297 3188 401 3242 magun
407 3170 469 3227 ferre
476 3172 519 3224 vel
528 3171 651 3225 draconis
658 3172 728 3226 rictu
771 3192 828 3227 cem
846 3173 942 3243 igncvo
957 3172 1049 3244 potius
1061 3170 1162 3243 Phrygi
1181 3181 1207 3222 et
1220 3170 1282 3222 vitoe

219 3264 395 3322 comparetur.
404 3250 494 3305 Etdiu
501 3266 631 3323 estquum
641 3251 730 3305 solent
771 3251 871 3323 cupido
893 3252 1049 3314 convenire,
1064 3268 1143 3321 quam
1166 3248 1282 3314 Pelidae,

218 3330 307 3383 locum
316 3344 476 3384 eternorum
484 3331 679 3404 suppliciorum
691 3329 729 3385 sic
771 3332 895 3387 Chironis
904 3330 1069 3387 etPhoeuicis
1078 3327 1220 3401 discipulo,
1232 3344 1282 3383 etc.

219 3411 327 3481 pingere
346 3412 478 3482 pictores,
492 3424 520 3463 et
534 3412 617 3465 Poeta
631 3411 729 3464 talibus
772 3413 866 3483 Neque
879 3430 973 3483 magne
987 3428 1075 3482 opere
1089 3408 1175 3480 pretia
1190 3410 1283 3462 fecisse

220 3491 372 3544 nominihus
387 3490 528 3562 appellere.
544 3491 580 3543 V.
598 3494 652 3555 82,
665 3502 729 3542 tene·
771 3491 878 3545 videtur
891 3492 919 3544 in
930 3492 1046 3543 Homero
1058 3490 1102 3543 hic
1114 3486 1282 3542 defendendo

221 3568 314 3622 brom
327 3573 430 3629 cameri
444 3589 558 3623 recusum
570 3568 730 3623 dixerat.-
772 3572 888 3625 Daceria.
897 3570 1050 3641 sapientius
1060 3572 1194 3622 Romsniu
1204 3580 1286 3639 poete

221 3648 350 3719 Suppliciis
366 3662 430 3704 teror
443 3664 532 3720 posset
544 3650 613 3704 lorte
626 3648 681 3703 dici
696 3648 730 3702 de
774 3654 915 3721 σὺτόχιιρσις
931 3646 1036 3703 inducit
1049 3652 1108 3701 AEn.
1124 3648 1180 3711 Vl,
1197 3646 1265 3711 436,

221 3726 731 3783 damnatisetinlelicihusrsediupro-
858 3739 1216 3795 .....oumveltentaeshminrtro

223 3810 327 3880 serpiue
343 3810 437 3864 malins
449 3810 525 3879 jungi
540 3827 603 3861 curn
625 3810 730 3874 inclusa,
775 3818 833 3858 Nune
843 3826 863 3854 ιι
872 3817 985 3868 prumien
995 3813 1083 3859 edua
1092 3808 1275 3863 portentuoso!

222 3905 253 3940 ac
273 3888 351 3941 tertio
368 3906 433 3943 cusu
451 3888 578 3959 intelligi,
598 3902 629 3941 ut
649 3907 678 3942 ee
697 3886 732 3943 ad
776 3886 829 3940 Sed
840 3906 889 3939 nos
900 3887 952 3939 hoc
964 3882 1046 3937 modo
1061 3884 1194 3941 voluimus
1204 3920 1212 3949 ,
1222 3902 1286 3955 snp-⁴

224 3968 350 4038 supplicis
364 3968 465 4023 servari
479 3980 616 4038 queratur.
631 3969 732 4039 Nempe
776 3966 887 4039 pliciuru
908 3964 993 4017 videri
1016 3961 1180 4035 Proserpina
1203 3964 1290 4035 ipsein

224 4046 281 4117 ipra
288 4048 355 4119 apud
365 4050 468 4102 inferos
476 4048 650 4101 commoratio
655 4067 734 4119 poeua
778 4044 850 4117 apud
863 4046 960 4098 inferos
974 4044 1224 4106 commorationem

1042 4138 1105 4247 173
