3034 4900
495 477 823 547 EPIGRAMMA
849 480 974 547 XLII.
1193 476 1267 573 399

206 610 268 680 Hic
290 610 433 678 formosa
450 611 536 703 jacet
551 612 691 681 Veneris
708 612 824 681 sortita
840 610 1000 705 ligurum,

258 718 503 811 Egregiumque
520 715 621 785 decus
637 718 860 811 invidiamque
878 716 960 785 tulit.

250 923 275 978 4.
292 914 411 987 inuidiam
431 917 515 967 meruit
532 927 591 967 unte
611 916 714 979 clover.
759 935 820 969 rum
831 916 925 969 vitium
939 912 1119 985 invidiazquo
1131 912 1270 967 necliodie

208 992 715 1065 cujucemendotiouemprobevitllnrth.
760 994 889 1049 dicuntur
901 1005 999 1047 curere.
1012 992 1055 1065 Sic
1067 993 1183 1063 Scyllum
1193 1012 1271 1046 mon-

207 1086 234 1128 et
243 1073 333 1127 lleine.
346 1074 428 1125 11.-
438 1073 584 1145 Antiquom
592 1074 717 1146 pulchra·
762 1086 846 1128 strum
858 1075 922 1127 lecit
935 1072 1020 1127 Circe.

220 1272 1266 1294 mmfflmfflfflmmmmmmssmmffl

209 1311 214 1321 ι

685 1492 808 1561 XCII.

427 1726 529 1773 χιιι.
559 1728 610 1774 or
638 1696 794 1774 niuno*
822 1727 1055 1775 cnsronuo.

217 1872 429 1996 Nominis
443 1916 562 1985 umbra
576 1931 691 1985 manet
707 1917 850 1985 veteris:
871 1938 947 1983 nam
966 1915 1074 1985 dicere
1090 1916 1234 2001 birrum,

271 2025 306 2093 Si
320 2024 440 2091 Castor
456 2024 579 2110 niteat,
594 2026 794 2092 Castoreurn
812 2044 949 2116 nequeo.

218 2134 282 2200 Sex
301 2143 431 2224 emptus
447 2127 578 2215 solidis,
597 2128 677 2223 quid
696 2130 757 2215 sit,
770 2128 839 2221 jem
856 2130 939 2197 scire
957 2130 1101 2221 potentis.

273 2238 307 2306 si
324 2235 407 2305 mihi
428 2233 524 2304 nulla.
535 2234 637 2320 fides,
655 2234 779 2303 credite
796 2234 850 2303 vel
869 2235 986 2328 pretio.

260 2428 273 2453 ¹
285 2434 408 2488 Dellinu
417 2449 441 2486 et
452 2434 567 2488 Castoroo
578 2433 653 2488 editt
663 2446 727 2489 vett.
777 2432 810 2488 de
833 2433 930 2487 viliore
949 2434 1007 2486 lana
1026 2432 1078 2485 hoc
1096 2452 1196 2492 nomen,
1209 2451 1282 2487 ncce-

260 2515 359 2567 Birrum
379 2534 434 2567 erse
450 2515 730 2580 lacernam‚vectem,
775 2515 864 2585 pisce,
880 2525 911 2566 ut
930 2513 951 2566 si
971 2513 1030 2584 quis
1042 2512 1170 2566 hodierna
1186 2513 1229 2566 illo
1243 2515 1282 2566 vi·
1309 2531 1312 2546 ·

221 2612 281 2666 quor
298 2594 357 2648 eliis
379 2594 552 2648 interioribus
575 2593 729 2666 injiciatur,
775 2595 842 2646 liora
851 2593 951 2647 textilia
960 2593 1053 2646 villosa
1062 2591 1096 2644 de
1105 2593 1163 2646 lana
1174 2594 1216 2646 vel
1226 2593 1283 2646 lino

221 2673 339 2728 ostendit
361 2674 518 2738 salmasius,
537 2691 616 2745 quom
641 2673 731 2728 lunda·
778 2674 798 2732 (
798 2673 924 2731 Peluclie)
940 2672 1004 2725 velit
1015 2673 1224 2725 holosericorum
1240 2674 1286 2726 he·

221 2772 283 2807 mur
298 2755 327 2806 in
341 2753 488 2806 Thesauro.
504 2753 643 2808 Castorem
662 2754 732 2826 pilos
777 2754 938 2806 xomitorum
954 2751 1130 2824 appellatione
1144 2753 1285 2818 (Sammet,

223 2832 408 2887 mollissimum
419 2851 502 2904 genus
509 2833 660 2886 vestimenti
671 2850 734 2905 pru·
776 2831 895 2891 oelours)
910 2829 1096 2886 condecorare.
1114 2833 1148 2887 Et
1160 2833 1213 2886 hoc
1229 2851 1285 2885 me-

223 2913 315 2966 butue
322 2915 377 2984 jum
388 2931 419 2966 eo
429 2913 734 2984 tempestate,quarcri-
777 2914 828 2967 linc
851 2913 961 2984 plicet,
984 2913 1048 2983 quie
1069 2925 1230 2983 provocetur·
1253 2910 1286 2965 nd

225 3006 303 3064 ptum
332 2993 443 3063 ponitur
471 2993 524 3046 hoc
554 2993 734 3064 epigramma,
778 2993 904 3066 pretium.

163 3089 167 3095 ’
225 3069 343 3125 ostendit
367 3071 500 3126 Barthius.
523 3072 641 3126 Videtur
663 3073 735 3125 illiue
823 3091 847 3125 1.
861 3069 1029 3124 Vetereredd.
1037 3082 1101 3124 vett.
1112 3071 1201 3122 discere
1209 3071 1285 3124 MSS.

226 3163 319 3203 auctor
342 3149 430 3204 ridere
453 3152 592 3222 antiquum
614 3152 734 3216 birrum,
822 3149 956 3204 ².Siedd.
964 3163 1028 3204 vett.
1031 3153 1200 3221 jurenor'nt,
1213 3154 1284 3214 uitet,

151 3266 160 3282 ,
227 3228 263 3282 de
272 3248 325 3301 qno
334 3232 389 3301 jttm
398 3231 484 3285 omnic
495 3233 592 3303 lanugo
605 3245 734 3296 cretone,
781 3235 841 3283 nitet
853 3231 887 3284 cl.
903 3249 985 3283 nomen
996 3231 1072 3283 verba
1088 3243 1181 3294 manet,
1196 3229 1253 3283 MS.
1267 3234 1289 3282 si

227 3327 284 3382 qua
302 3311 473 3375 censebatur,
492 3310 566 3365 unde
581 3312 736 3365 nominaba-
783 3323 877 3363 textura
894 3323 960 3363 veter
979 3313 1048 3382 conj.
1065 3311 1132 3364 Scol.
1147 3311 1184 3364 Ni
1204 3309 1291 3363 Castor

229 3402 293 3454 tur,
307 3389 406 3444 detritu
421 3390 465 3445 eit.
487 3392 567 3445 Hunc
586 3405 666 3463 negat
683 3390 737 3444 dici
784 3391 1187 3446 nitentexMSS.Cluver.Burth.
1197 3390 1289 3442 Heius.

227 3472 283 3539 jem
296 3467 406 3536 debere,
418 3469 492 3542 quod
504 3471 673 3536 eliminent,
686 3471 739 3524 bir-
782 3469 813 3524 Si
822 3471 910 3525 Castor
916 3472 1036 3536 vivet,vel
1043 3475 1110 3524 vivae
1120 3473 1189 3542 conj.
1199 3470 1291 3522 Heinc.

230 3549 740 3604 rumeartoreum.Nicimolicimitetione
784 3549 857 3622 quod
869 3569 925 3605 nou
940 3551 1067 3623 intelligo.
1087 3611 1091 3622 ¹

230 3629 366 3684 hircorum
389 3650 450 3685 vere
472 3644 651 3685 castoreorum
675 3630 740 3683 ulios
826 3631 851 3684 3.
867 3629 917 3684 Sim
931 3649 981 3701 pro
996 3635 1042 3694 sit,
1059 3631 1154 3683 Monet.
1171 3647 1212 3699 pr.

511 3851 1012 3888 -----ooc··---—

945 3973 954 4002 Ι
