3034 4900
450 482 584 549 LAUS
611 482 830 551 SERENAE
857 483 972 553 REG.
1169 482 1254 555 1532

162 618 276 707 Seque
293 613 412 681 minus
425 611 529 705 jactet
549 612 680 706 Libyeis
702 612 815 681 dotata
835 614 975 705 tropaeis.

160 718 317 790 Cardine
335 732 375 787 tu
392 718 527 812 gemino
543 716 652 787 lauros
668 718 843 812 praetendis
861 720 988 807 nvitas3

163 825 251 899 lnde
269 822 488 912 Caledoniis,
505 822 712 893 Australibus
726 824 803 893 inde
817 838 992 918 parentum
1215 852 1240 899 rr

164 931 326 1025 Cingeris
344 929 493 997 exuviis:
510 928 651 998 necdum
667 929 893 999 moderamina
910 930 1025 998 mundi

164 1038 376 1131 Sumpserat
389 1032 447 1103 illa
462 1033 597 1122 domus,
614 1060 715 1129 quum
731 1050 764 1104 te
781 1038 907 1105 Lucina
922 1036 1024 1105 beatis

165 1141 296 1210 Ederet
313 1155 488 1209 astrorum
503 1140 613 1210 radiis.
633 1143 665 1209 Ο
681 1142 823 1209 maxima
838 1166 949 1210 rerum

167 1242 306 1317 Gloria!
327 1260 409 1341 post
423 1248 567 1339 genitam
582 1244 696 1315 didicit
710 1270 848 1342 regnare
865 1249 1031 1317 Serenam.

221 1350 321 1441 Quid
342 1352 481 1446 dignum
495 1376 680 1421 memorare
694 1355 776 1437 tuis,
795 1353 970 1447 Hispania,
986 1354 1080 1422 terris
1121 1390 1123 1395 v
1218 1380 1241 1417 n

168 1459 247 1527 Vox
262 1458 422 1527 humana
435 1455 546 1527 valeti
562 1460 671 1551 primo
686 1456 774 1528 levat
789 1484 919 1553 aequore
936 1458 1046 1529 Solem

169 1563 269 1632 India
287 1591 297 1631 ε
316 1578 358 1632 tu
374 1563 477 1632 fessos
493 1578 606 1633 exacta
623 1563 697 1632 luee
708 1562 835 1659 jugales

170 1668 330 1752 Proluis,
345 1670 445 1763 inque
461 1683 520 1737 tuo
535 1671 700 1763 respirant
715 1670 822 1739 sidera
839 1670 953 1740 fluctu.

171 1778 280 1845 Dives
296 1776 412 1869 equis,
431 1774 563 1868 frugum
580 1775 703 1863 facilis,
719 1776 862 1870 pretiosa
878 1774 1033 1862 metallis,
1137 1799 1138 1803 ’
1216 1774 1217 1779 ’

217 1973 267 2037 43.
282 1976 397 2038 Denta3
408 1974 503 2045 puella
514 1991 631 2028 romanis
643 1992 694 2045 pro
738 1988 791 2027 tur.
799 1976 863 2029 Tale
875 1975 941 2047 quid
949 1989 1036 2029 autern
1045 1973 1105 2043 ,nisi
1117 1974 1194 2026 fallor
1216 1974 1244 2027 in

178 2052 695 2126 doteeomputubnntetpeternostrium·
738 2055 826 2107 animo
841 2056 921 2108 Poeta
936 2054 1043 2108 hahuit:
1052 2053 1147 2106 domus
1159 2053 1246 2106 Theo·

181 2132 268 2202 phos.
287 2150 335 2186 reu
350 2133 461 2215 gloriam
476 2132 596 2186 victoriis
613 2134 695 2187 colle·
738 2132 846 2187 dosianr
858 2133 919 2186 ideo
934 2152 1016 2205 regno
1028 2145 1102 2187 aucta
1116 2144 1170 2196 est,
1183 2133 1246 2202 quia
1344 2148 1348 2159 ·

183 2222 265 2265 mm.
738 2213 853 2266 habebat
860 2216 914 2285 jam
923 2211 1152 2283 Serenam,qrnm
1160 2212 1248 2263 hurni-

229 2295 278 2353 44.
287 2288 693 2363 Cardnenponituteliaspolan,
737 2293 791 2345 lior
805 2311 862 2347 sors
878 2293 950 2364 regia
966 2312 1022 2345 non
1035 2291 1149 2344 deceret.
1162 2291 1246 2345 Carte-

185 2369 547 2441 proregionezqnamquam
560 2371 696 2423 hicetirm
738 2391 802 2425 rum
824 2372 889 2425 hine
912 2370 1051 2435 discimus,
1076 2382 1137 2443 post
1158 2370 1188 2421 A.
1212 2370 1246 2423 C·

183 2450 299 2520 propria
311 2468 332 2502 s.
347 2452 495 2521 angustiore
505 2449 696 2520 significatione
741 2452 813 2522 379,
825 2470 880 2523 quo
892 2453 1022 2524 imperare
1032 2451 1113 2522 ooepit
1123 2448 1248 2506 Theodo-

183 2540 275 2599 potest
281 2529 379 2600 sormi,
387 2549 471 2601 quum
480 2530 697 2600 septentrionsles
740 2533 810 2596 tius,
824 2544 913 2585 natam
925 2549 981 2585 esse
994 2532 1127 2584 Serenam.

181 2608 237 2660 sint
243 2609 380 2671 Britanni,
389 2607 528 2662 Caledonii
537 2610 697 2680 prasertim,
782 2611 825 2664 ⁵0.
839 2612 901 2664 Post
913 2611 1019 2682 generis
1032 2608 1139 2663 liudem
1153 2609 1248 2662 transit

183 2689 231 2758 qui
248 2686 391 2740 hodiernis
407 2687 493 2742 Sentis
510 2683 582 2749 (vid.
600 2689 697 2754 xlm,
740 2687 774 2742 ed
786 2690 953 2761 patriam,et
964 2691 1009 2743 hio
1021 2689 1114 2752 etiarn,
1127 2700 1157 2741 ut
1167 2688 1248 2752 solet,

187 2764 259 2830 146)
275 2766 450 2839 respondent.
463 2767 541 2820 Conl'.
559 2769 628 2833 VII,
643 2768 697 2834 5²3
739 2767 851 2822 modurn
865 2769 976 2822 excedit.

182 2845 269 2911 vm,
289 2853 326 2909 ²4
341 2865 384 2918 sq.
395 2879 436 2889 -
450 2846 586 2899 Proetendis
600 2848 695 2910 lauros,
783 2848 826 2902 51.
843 2849 965 2902 Solemne
977 2848 1064 2920 poetis
1075 2846 1164 2900 Solem
1178 2863 1248 2900 mer·

182 2944 239 2996 pre
250 2939 282 2978 te
295 2926 365 2991 fers,
378 2937 409 2979 nt
424 2927 452 2978 in
468 2925 618 2998 triumpho.
740 2945 803 2999 gere
820 2927 927 2982 Oceano
943 2927 1100 2981 occidentali
1116 2926 1185 2980 cirea
1200 2926 1249 2978 lli·

225 3004 698 3071 ts.culed0ntn,s‹>oticis;nameam
741 3009 874 3078 spaniam,
894 3020 921 3061 et
934 3006 1030 3060 Indico
1046 3007 1101 3059 rive
1118 3004 1248 3058 Orientali

183 3084 279 3138 imula
299 3097 419 3154 partem,
438 3103 497 3156 qun
517 3103 592 3137 nuno
611 3083 699 3138 Scotis
742 3085 869 3150 educare3
884 3085 939 3140 rid.
960 3085 1071 3149 xvffl,
1092 3084 1158 3137 353.
1178 3086 1250 3137 Dant

183 3177 240 3228 est,
256 3163 433 3217 Caledoniam
445 3165 509 3216 olim
522 3164 699 3235 appellatum,
741 3166 780 3218 illi
788 3184 885 3238 nempe
892 3184 988 3238 equos,
999 3182 1066 3236 qnos
1075 3181 1089 3214 a
1098 3163 1250 3233 fatigatione

184 3243 699 3313 quumexsliis,tumexTeeitomaxime
742 3257 769 3298 et
783 3244 881 3298 sudore
891 3257 985 3300 curant
997 3241 1141 3297 abluendos
1149 3253 1250 3319 poetae,

184 3321 279 3393 liquet
296 3323 634 3375 Cluverius-Parentium
652 3327 700 3375 n'o·
742 3337 773 3377 ut
786 3335 898 3378 nostros.

185 3401 260 3454 mine
272 3412 379 3472 patrem
393 3414 421 3454 et
434 3419 510 3454 rrum
523 3403 700 3472 eomprehen·
784 3404 829 3457 53.
838 3405 982 3475 &spiram
993 3401 1078 3456 sidera
1087 3401 1191 3474 fatigata
1203 3419 1251 3454 suo

188 3478 237 3532 dit
251 3482 358 3533 Emr'oe
365 3520 374 3544 ,
392 3481 492 3552 spolia,
505 3499 565 3552 quta
577 3480 699 3534 detraxe·
743 3501 823 3536 cursu
841 3484 961 3537 lavantur
981 3483 1055 3554 aquis
1076 3482 1145 3548 tuis,
1166 3493 1192 3534 et
1213 3481 1252 3533 sio

191 3571 253 3609 runt
265 3573 343 3629 pater
354 3572 383 3612 et
395 3578 459 3614 urus
473 3560 536 3613 hine
546 3561 699 3623 Britannis,
742 3573 858 3615 recreata
878 3563 1008 3634 respirare
1029 3562 1139 3616 liberius
1158 3557 1252 3613 riden-

192 3635 256 3689 ltine
267 3638 377 3691 lituris.
743 3652 798 3694 tur.

235 3721 279 3784 ⁴7·
294 3719 388 3770 Lucina
402 3716 568 3771 mutuandis
581 3719 701 3790 prrtibus
784 3721 831 3783 54.
846 3720 949 3792 Equus,
965 3721 1105 3790 antiquum
1117 3717 1252 3789 Hispanis

192 3793 508 3863 palermllitemnturos
518 3803 700 3868 aperirepnruu
743 3799 772 3851 in
791 3799 907 3852 nummis
928 3798 1094 3869 symbolum,
1117 3794 1150 3848 ad
1170 3813 1252 3868 equo·

192 3871 521 3944 hurtauynfflorna.
530 3895 587 3930 sno.
600 3875 702 3950 rdnp),
743 3897 818 3942 rum,
830 3897 898 3948 quos
909 3878 1005 3948 gignit,
1016 3873 1215 3930 multitudinem
1225 3889 1254 3929 et

190 3952 399 4007 adimam
407 3955 484 4007 beatis
492 3968 609 4008 astrum
616 3958 700 4024 radiis,
743 3957 922 4027 prestantium
933 3955 1057 4008 refertur.
1074 3955 1186 4026 Propter
1199 3956 1252 4008 ier·

187 4033 240 4090 sub
251 4033 325 4086 felici
335 4035 543 4088 constellatione.
745 4037 867 4090 tilitatem
885 4047 961 4088 terra
981 4047 1007 4087 et
1025 4035 1190 4088 metallorum
1211 4033 1252 4085 di-

225 4119 275 4181 49.
288 4112 468 4185 splendidum
483 4113 551 4166 nihil
562 4113 699 4176 hoeride·
742 4114 820 4168 vitias
842 4114 906 4167 olim
924 4113 1002 4167 luisse
1023 4114 1156 4180 nobilem,
1174 4111 1253 4182 idque
