3034 4900
315 447 366 536 46
549 449 622 517 ot.
651 445 957 516 cnaunrtur
985 447 1130 518 xxvi.

312 579 354 649 In
369 581 454 650 Latii
470 577 615 674 praedam
631 579 764 648 Geticas
778 592 927 647 avertere
941 576 1079 648 lauces?
1358 616 1383 653 ιο

367 688 463 755 Anne
480 710 542 780 ego
563 685 744 778 terrigenas
765 686 877 779 potius
895 685 1043 758 mirabor
1063 687 1097 754 in
1120 686 1199 780 ipsis

313 792 532 862 Procubuisse
551 792 645 878 satis,
667 791 742 858 vitm
764 791 883 886 quibus
900 790 1009 860 attulit
1026 791 1114 861 idem

313 899 515 992 Principium
536 895 702 990 finemque
722 895 812 983 dies;
827 921 925 991 qnam
944 921 1027 968 ooesa
1047 900 1208 969 Getarum

314 1004 473 1098 Agmina,
490 1028 572 1098 quos
585 1004 689 1072 tantis
709 1001 789 1072 aluit
806 1001 941 1072 Bellona
960 1004 1112 1098 tropaeis,

314 1111 463 1204 Totaque
479 1109 541 1178 sub
556 1107 656 1203 galeis
676 1110 843 1178 Mavortia
861 1111 974 1179 canuit
995 1109 1100 1181 aetas?

366 1218 430 1284 Per
450 1229 482 1284 te
502 1237 644 1308 namque
662 1237 767 1284 unum
788 1213 903 1284 mediis
923 1230 1022 1285 exuta
1039 1214 1182 1286 tenebris

314 1323 459 1415 Imperio
477 1344 537 1390 sua
553 1319 660 1389 forma
680 1320 780 1408 redit,
791 1320 1007 1416 claustrisque
1024 1321 1138 1392 solutae

311 1427 474 1496 Tristibus
493 1451 674 1522 exsangues
689 1426 813 1496 audent
827 1427 1007 1522 procedere
1025 1426 1122 1522 leges.

311 1536 449 1628 Jamque
462 1545 641 1628 potestates
654 1534 782 1628 priscus
795 1533 1000 1603 discriminat
1012 1534 1096 1603 ordo

312 1641 467 1725 Justitiae,
484 1663 566 1733 quas
582 1653 658 1708 ante
673 1663 768 1733 pares
791 1639 948 1709 effecerat
964 1664 1031 1708 una

312 1743 411 1815 Nube
429 1747 528 1814 timor
547 1771 554 1812 :
572 1759 628 1814 tua
646 1770 706 1814 nos
725 1747 856 1839 urgenti
874 1745 1009 1815 dextera
1023 1745 1088 1814 leto

311 1851 459 1945 Eripuit,
480 1853 639 1945 tectisque
658 1855 726 1920 suis
747 1850 931 1921 redduntur
947 1868 982 1922 et
1005 1854 1092 1947 agris

311 1958 469 2027 Damnati
484 1957 553 2027 fato
574 1955 702 2052 populi,
723 1958 845 2026 virtute
867 1961 982 2027 renati.

311 2133 340 2186 ln
366 2133 473 2187 ferculi·
495 2131 626 2206 triumphi
652 2133 821 2198 terebantur,
865 2134 982 2198 antiret,
1002 2132 1123 2205 equalore
1145 2142 1173 2185 et
1194 2133 1372 2200 chararitate,

311 2225 358 2268 etat
381 2215 565 2286 ponebantur,
589 2213 638 2266 tub
660 2215 769 2281 treuna,
791 2212 821 2266 iu
864 2231 918 2286 qna
936 2211 1011 2267 velut
1028 2213 1150 2265 involuta
1167 2226 1239 2280 erat,
1253 2212 1373 2267 liberata.

309 2295 423 2349 artabae
443 2306 492 2347 etc.
507 2293 558 2346 llic
581 2293 664 2364 igitar
682 2293 767 2364 poeria
789 2296 820 2344 ti·
863 2293 903 2346 Ut
917 2292 965 2345 lux
981 2293 1092 2364 gloriam
1106 2303 1199 2360 nom,
1213 2305 1241 2345 et
1252 2309 1375 2363 magnam

312 2375 386 2426 tulum
406 2373 486 2426 etiam
507 2369 611 2426 laudem
629 2369 763 2438 reddere,
778 2373 820 2425 vel
863 2370 1230 2437 celebritatem,itatenebrit
1239 2369 1376 2426 indicatur

312 2450 536 2524 praedicationem.
862 2452 970 2506 infamia
983 2464 1010 2505 et
1024 2452 1168 2505 humiliter.
1181 2450 1233 2504 Hic
1248 2450 1317 2504 illud
1331 2453 1376 2504 in·

352 2530 398 2585 31.
408 2533 452 2584 An
465 2550 510 2600 egr
521 2530 592 2601 vulg.
603 2562 643 2573 --
658 2532 820 2602 Terrigenas.-
862 2550 943 2603 super
957 2532 1017 2585 vult
1030 2545 1124 2603 poeta,
1138 2533 1220 2603 leget,
1234 2530 1374 2598 instituta,

311 2610 432 2665 nationes
444 2622 517 2664 natae
530 2624 643 2664 exterra
658 2624 780 2666 armatas.
863 2630 950 2665 moret
962 2629 1088 2665 romanoe
1095 2612 1273 2667 Barbarornm
1283 2610 1374 2663 incur-

352 2690 398 2743 33.
415 2689 548 2753 Getarum
560 2690 647 2748 oete,
662 2692 709 2762 qui
723 2704 749 2745 et
766 2690 822 2745 Go-
862 2692 937 2745 tione
960 2691 1091 2763 opprimi,
1116 2702 1148 2744 ut
1170 2708 1227 2743 non
1248 2707 1373 2760 agnouere

311 2768 351 2823 thi
364 2766 429 2822 dieti
438 2780 502 2822 eunt
514 2787 521 2822 :
535 2768 582 2823 aed
595 2769 756 2824 Claudianus
767 2789 821 2824 ma·
861 2769 938 2824 illum
957 2770 1087 2843 populum
1109 2770 1256 2835 rictorem,
1275 2768 1323 2840 qni
1343 2769 1373 2822 in

311 2848 362 2902 luit
379 2848 469 2901 dicere
485 2848 582 2913 Getae,
598 2848 671 2921 quod
688 2850 744 2903 hec
763 2868 819 2904 vox
864 2852 981 2904 tenebris
994 2851 1068 2922 quasi
1081 2848 1225 2902 deliteseat.

311 2927 392 2999 magis
420 2927 537 3001 placebat
564 2930 600 2982 ob
626 2930 819 3003 antiquitatem.
902 2931 948 3000 39.
960 2930 1028 2983 Belli
1038 2942 1264 3001 tempore‚qnnm
1276 2942 1372 2980 omnes

310 3006 391 3061 Getae
403 3009 703 3081 autem,inetartegetie
714 3022 819 3064 moratae
860 3010 964 3065 lroetem
984 3010 1026 3062 vel
1044 3012 1098 3081 jam
1120 3008 1308 3069 incubantem,
1329 3006 1372 3059 vel

247 3086 250 3094 '
310 3100 495 3159 exsurgentes,
510 3089 576 3143 vicit
591 3088 701 3143 Stilicho
719 3090 819 3161 glorio·
861 3090 1045 3143 imminentem
1060 3099 1148 3153 certe,
1163 3096 1301 3150 metuunt,
1315 3104 1372 3139 cee-

311 3168 381 3232 rius,
395 3186 475 3239 quam
491 3168 513 3222 ti
528 3168 632 3221 ricimer
644 3170 798 3241 terrigenae.
860 3183 919 3224 aaut
937 3168 1054 3240 legitima
1072 3167 1191 3238 imperia.
1211 3170 1303 3237 Agrmt
1319 3166 1373 3219 lroc

352 3248 397 3311 34.
410 3248 484 3301 Aluit
494 3248 575 3302 Getae
585 3248 689 3301 Bellona
703 3253 816 3319 tropoeis,
860 3249 947 3321 ipanm
966 3249 1071 3313 hostes,
1090 3258 1120 3299 ut
1136 3246 1190 3299 tuit
1205 3266 1220 3298 a
1235 3244 1368 3305 dominis,

217 3396 219 3401 Ι
311 3324 437 3379 virtutem
452 3328 560 3380 illorum
574 3344 623 3399 per
637 3328 775 3382 victoriam
792 3342 819 3381 et
859 3328 1072 3401 magistratibut,
1086 3323 1370 3398 principihue‚lromi·

310 3422 443 3458 tueremur
457 3406 531 3460 auxit
544 3424 552 3458 τ
565 3424 716 3479 quenquam
728 3426 817 3479 neque
860 3426 907 3461 nee
921 3418 1039 3461 avocent.

310 3485 397 3556 iprum
422 3485 523 3537 victum
551 3485 690 3540 excludere
718 3488 816 3552 velim,
900 3487 1104 3555 toSuJsuderat,
1119 3486 1161 3539 vel
1174 3484 1368 3551 itfmtwnj·

310 3582 392 3637 quem
407 3564 457 3617 tibi
473 3564 552 3617 armit
566 3568 725 3636 paraverint.
860 3566 951 3621 Heius.

352 3644 397 3698 35.
418 3646 481 3697 Tota
496 3656 555 3695 oetar
572 3644 700 3699 Getarum
716 3650 814 3710 carad,
901 3654 946 3710 tr.
959 3646 1041 3699 Nubes
1053 3660 1136 3716 qnam
1149 3648 1324 3713 promotum
1342 3653 1370 3693 et

310 3724 431 3793 peritiam
460 3737 487 3778 et
511 3722 683 3795 prudentiam
707 3727 741 3778 ab
767 3746 818 3781 neu
860 3724 1058 3779 distinctionem
1067 3740 1158 3775 renam
1170 3718 1249 3772 etam
1260 3720 1372 3792 propin·

311 3803 447 3857 collectam
466 3804 575 3871 habuit,
590 3816 622 3857 nt
638 3801 817 3860 adolescentes
861 3824 974 3876 quarum
1000 3802 1114 3865 adimat,
1140 3800 1370 3872 perturbationem

310 3898 416 3952 qnoque
436 3886 555 3939 veterani
578 3900 633 3937 esee
653 3883 816 3940 riderentur.
860 3886 1098 3953 centurionemque
1129 3896 1234 3946 rerum,
1265 3880 1369 3933 officio·

352 3962 457 4014 turm
468 3968 642 4028 triumuirum
654 3964 730 4019 MSS.
744 3964 817 4018 tande
859 3981 933 4030 rum,
951 3978 1140 4037 pertentatura,
1156 3972 1217 4033 apte
1236 3959 1368 4032 exprimit

312 4042 395 4091 ltemm
408 4043 477 4111 conj.
493 4043 625 4099 Heinsius.
637 4046 728 4098 Eccita
739 4044 815 4099 MSS.
900 4044 947 4106 tt.
968 4044 1034 4096 Fato
1053 4042 1166 4113 resignat
1186 4039 1368 4093 infelicitatem

312 4118 386 4191 quod
410 4120 496 4190 placet
523 4115 642 4175 Heinsio.
672 4156 712 4167 -
732 4126 816 4176 Ereta
860 4117 1369 4187 llommomm,rettitutamtelicitatem
