3034 4900
253 432 323 512 104
460 431 534 497 CL
562 430 862 499 CLAUDIANI
890 434 1085 501 XXVIII.

243 562 386 653 diraque
401 560 527 627 vestitis
542 583 717 628 numerosa
733 546 844 655 puppe
862 558 1022 631 columnis

245 667 397 752 Consita,
414 664 637 758 subnixasque
648 664 737 759 jugis
755 666 952 735 immanibus
972 666 1085 756 edes„

244 770 405 838 Naturam
426 769 617 839 cumulante
630 793 750 857 manu3
768 770 942 866 spoliisque
964 774 1121 842 micantes
1278 808 1303 845 s.

243 878 441 944 innumeros
456 900 573 945 arcus:
589 879 677 945 acies
692 891 803 971 stupet
818 878 893 969 igne
908 877 1049 967 metalli,

242 984 286 1049 Et
306 982 507 1051 circumfuso
525 980 692 1077 trepidans
713 981 913 1051 obtunditur
933 1006 1034 1051 auro.-

295 1090 496 1181 Agnoseisne
516 1102 610 1175 tuos,
625 1087 783 1181 Princeps
801 1086 1005 1173 venerande,
1020 1088 1179 1158 Penates?

242 1196 322 1261 Haec
337 1206 431 1277 sunt,
446 1218 520 1286 quae
535 1195 649 1287 primis
670 1191 750 1261 olim
767 1194 904 1262 miratus
923 1195 958 1260 in
978 1196 1091 1281 annis,

241 1302 338 1367 Patre
358 1301 414 1395 pio
433 1312 654 1387 monstrante,
669 1299 753 1391 petis
770 1324 777 1365 :
794 1297 840 1365 nil
857 1299 1000 1394 optimus
1021 1298 1075 1368 ille
1274 1328 1299 1365 ss

241 1405 404 1474 Diuorum
421 1418 493 1472 toto
509 1406 629 1473 meruit
645 1402 771 1473 felicius
786 1427 873 1493 aevo,

241 1510 352 1597 Quam
368 1509 457 1603 quod
472 1508 644 1579 Romuleis
664 1510 771 1578 victor
789 1509 850 1577 sub
867 1510 1030 1579 moenibus
1047 1512 1114 1605 egit

241 1618 288 1683 Te
307 1631 461 1684 consorte
476 1614 566 1700 dies;
582 1639 684 1708 quum
706 1640 741 1683 se
757 1613 948 1684 melioribus
966 1616 1089 1686 addens

240 1718 427 1815 Exemplis,
445 1722 550 1789 civem
566 1735 696 1814 gereret
710 1735 837 1789 terrore
854 1734 1001 1807 remoto,

239 1825 393 1895 Alternus
414 1851 490 1895 cum
507 1825 602 1921 plebe
619 1827 713 1917 jocos
729 1824 913 1919 dilectaque
931 1850 1046 1921 passus
1271 1858 1298 1897 so

283 2010 749 2074 IdColumnasrostrutasdeseribit,
795 2010 1298 2082 antiquariosaerb.gratMontIVI,

242 2110 306 2162 ques
320 2092 410 2162 plures
428 2081 508 2146 fuisse
525 2092 553 2143 in
569 2090 703 2161 Capitolio
722 2102 750 2143 et
797 2090 832 2151 3,
848 2087 927 2141 fidem
945 2087 1083 2143 Claudiani
1097 2090 1192 2144 firmat.
1216 2091 1296 2144 Cous.

242 2171 313 2223 eirca
326 2169 409 2235 illud,
422 2168 538 2225 ostendit
552 2171 706 2241 Ryoquins‚
724 2188 748 2222 e.
794 2167 838 2223 hic
851 2168 954 2233 XXIV,
969 2173 1014 2223 66.

240 2250 372 2305 XXXIII.
387 2250 458 2303 Talis
473 2262 527 2315 est,
544 2247 579 2301 de
597 2268 649 2320 qua
667 2250 747 2314 Lim,
836 2248 880 2311 54.
894 2248 976 2300 Ponit
991 2260 1084 2319 poeta,
1095 2249 1184 2303 nescio
1197 2268 1230 2301 an
1247 2248 1301 2301 sni·

241 2330 337 2395 XLII,
355 2349 400 2382 so.
424 2327 506 2392 Quod
523 2346 574 2378 oera
592 2332 683 2377 murita
706 2346 747 2379 co·
793 2326 1096 2395 fragantehistorin,hie
1105 2341 1201 2380 etmox
1212 2348 1237 2381 v.
1249 2329 1299 2392 82,

242 2409 327 2460 lumnu
352 2417 429 2463 vocat
444 2418 528 2458 rostra
548 2404 600 2457 illis
621 2404 690 2467 fixe,
712 2402 747 2456 ad
792 2402 914 2462 Honorio
925 2424 1009 2476 puero
1020 2408 1055 2460 its
1065 2407 1192 2477 plicuisse
1201 2407 1299 2460 Roma·

239 2487 317 2539 illum
326 2486 384 2539 reris
394 2501 449 2554 prat
456 2484 527 2536 ferro
535 2499 612 2534 usum
622 2481 747 2552 pertinet,
791 2499 852 2533 nam
863 2483 957 2536 urbem
964 2497 991 2536 et
998 2486 1126 2537 Palatium
1135 2524 1142 2550 ‚
1152 2497 1181 2536 ut
1190 2503 1204 2536 a
1212 2486 1299 2538 Theo-

240 2567 273 2619 sb
294 2561 481 2635 antiquissimis
500 2558 564 2614 inde
583 2560 747 2631 temporibus
790 2557 867 2612 dosio
886 2574 979 2630 patre,
993 2582 1077 2632 quum
1097 2561 1131 2616 de
1150 2561 1297 2617 djvidendo
1389 2595 1393 2602 .

239 2656 386 2714 receptum.
402 2641 446 2693 sio
459 2639 555 2710 virgil.
570 2639 667 2710 Georg.
684 2640 745 2704 111,
791 2637 860 2690 inter
884 2640 972 2708 ipsum
996 2642 1157 2711 lienemque
1182 2642 1296 2713 imperio

243 2741 296 2791 29,
312 2722 394 2776 munli
416 2730 538 2787 surgentes
556 2739 604 2770 are
624 2719 745 2771 columnas
790 2729 925 2787 agmetur,
941 2717 1112 2772 Occidentem
1127 2721 1177 2773 sibi
1191 2734 1296 2792 expete·

241 2799 363 2872 appellat.
377 2795 508 2851 Videatur
522 2797 639 2856 Servius.
653 2799 746 2870 Puppis
790 2808 838 2850 ret.
857 2796 989 2850 Caeterum
1005 2799 1038 2852 ub
1051 2798 1104 2852 illis
1123 2801 1216 2870 primm
1234 2819 1297 2872 pue·

240 2878 342 2932 mentio
356 2877 401 2931 hie
415 2876 522 2930 videtur
543 2877 744 2948 intempestiva,
789 2875 857 2928 ritie
866 2877 1030 2948 temporibus
1040 2878 1103 2930 inde
1115 2877 1149 2930 nd
1159 2879 1231 2932 huno
1240 2899 1296 2933 sex·

238 2975 326 3031 quum
339 2955 374 3009 de
386 2955 477 3010 rostris
489 2974 576 3010 sermo
590 2956 639 3018 sit,
658 2975 745 3028 prore
790 2965 846 3007 tum
853 2955 1018 3010 consulatum
1025 2959 1209 3021 suumfflome
1217 2959 1295 3017 illum

239 3036 364 3109 prolixis.
789 3053 843 3091 nou
853 3035 948 3100 luisse,
959 3054 992 3090 ex
1003 3036 1212 3092 Gothorredima
1219 3039 1296 3091 ehre-

279 3123 326 3186 49.
340 3117 408 3182 Qua
414 3118 478 3186 juge
491 3119 603 3168 inmte
614 3127 745 3186 postero·
789 3113 893 3184 nologia
906 3115 1012 3185 legum,
1028 3128 1055 3168 et
1069 3116 1120 3170 hoe
1137 3117 1195 3190 ipso
1210 3131 1295 3189 poet·

236 3195 522 3268 cst‚quibussuiuieas
536 3193 745 3259 oedesoelebmt‚
788 3193 848 3245 loeo
871 3192 902 3245 lit
923 3195 1073 3248 verisimile.
1094 3197 1186 3250 Rome
1207 3209 1295 3250 autem

235 3274 288 3327 illes
305 3288 367 3328 sunt
382 3281 472 3326 r'rssanoe
483 3275 679 3326 substructionum
692 3293 744 3326 mo·
789 3273 842 3342 egit
852 3271 1034 3336 Theodosius,
1052 3287 1082 3328 ut
1099 3273 1177 3329 docet
1189 3274 1294 3332 laudata

237 3355 270 3404 les
283 3347 419 3413 (utvoeat
428 3353 486 3405 Cic.
498 3370 549 3423 pro
562 3353 643 3404 Milo.
657 3369 681 3404 e.
690 3353 743 3406 XX
788 3349 875 3423 legum
883 3351 1053 3422 chronologia
1064 3355 1096 3406 Δ.
1108 3355 1138 3409 C.
1154 3355 1294 3425 389,post

235 3444 263 3485 et
272 3428 393 3494 XXXI),
402 3449 516 3501 quarum
525 3429 606 3484 hodie
614 3430 744 3484 miremur
789 3427 924 3484 devictum
935 3431 1080 3488 Maximum
1093 3439 1246 3504 tyrunuum'.

235 3529 298 3564 eum
311 3510 423 3562 horrore
436 3507 552 3579 quodam
565 3509 698 3580 reliquias.
829 3509 874 3564 58.
889 3509 993 3568 Meliora
1010 3513 1116 3582 exempla
1133 3523 1210 3564 voert
1226 3511 1292 3565 Tra-

277 3589 323 3642 50.
346 3588 475 3642 emen
490 3601 531 3640 est
548 3586 653 3659 aliquid
672 3589 742 3642 irim
784 3587 841 3660 jani
853 3589 997 3658 presertim
1008 3604 1035 3644 et
1047 3593 1195 3662 primorum
1207 3592 1292 3644 Anto·

232 3673 333 3739 justum
350 3666 461 3721 modum
476 3684 679 3738 mensuramque
694 3667 741 3720 ed·
786 3668 922 3720 uiuorum,

232 3748 321 3818 J'icere.
334 3747 449 3800 Excelsis
457 3746 740 3818 oollibussuperimpo-
826 3741 871 3799 6o.
885 3746 1202 3818 Alternosjoemerdr'leeta
1208 3747 1292 3819 jurgia

233 3826 290 3878 sita
303 3827 386 3880 moles
401 3825 582 3879 edificiorum.
784 3821 923 3877 referendo
932 3824 1101 3878 videntursd
1113 3827 1256 3881 illameiroi
1266 3840 1293 3882 et

277 3903 322 3955 51.
332 3907 439 3957 Areuum
448 3905 648 3977 triumphalium
658 3922 690 3957 ex
699 3923 740 3957 re·
781 3903 993 3975 'spectaculorum
1006 3905 1119 3958 eliorum
1132 3905 1290 3960 libertatem.

232 3980 322 4051 liquiis
344 4000 363 4032 s.
389 3982 530 4037 ruderibus
541 4023 549 4048 ,
570 3983 738 4054 nummisque
760 4007 774 4024 ·,
784 3980 836 4035 Sed
849 3982 929 4034 etiam
940 3984 967 4036 in
978 3985 1102 4038 convivio
1110 3985 1210 4052 jocandi
1220 3985 1289 4036 liher-

230 4059 412 4114 restitutorum
426 4097 434 4124 ‚
452 4064 642 4132 oontemplatio
665 4060 736 4132 spud
767 4067 773 4080 “
785 4075 855 4114 ratem
872 4078 927 4114 non
939 4068 1080 4132 permissam
1092 4062 1173 4118 modo
1189 4065 1221 4116 sb
1233 4064 1288 4113 Au·
