3034 4900
314 490 537 563 ANONYMI
551 488 709 559 POETAE
723 488 861 559 LAUD.
878 486 1118 559 HERCULIS.
1181 492 1259 585 409

247 628 321 699 Nec
335 627 427 695 nasci
441 625 586 719 potuisse
599 636 714 692 vacat:
731 644 810 691 nam
825 620 907 691 lucis
922 624 956 692 in
970 624 1068 718 ipsis,

195 732 345 827 Inclyte‚
360 732 547 827 principiis,
562 728 659 799 tardo
673 729 728 798 vix
742 728 849 797 alitus
863 743 940 797 ortu

195 840 315 909 Fecisti
329 838 371 909 de
388 852 482 932 patre
496 834 763 905 fidemsedcur
777 834 859 904 mihi
875 833 971 905 lentis
1238 860 1261 901 ιε

196 945 301 1015 Ludis
315 944 446 1029 adhuc,
460 942 636 1037 Cyrrhum,
651 939 778 1025 modis,
795 956 1013 1035 tenerumque
1027 940 1190 1012 resultans

195 1052 402 1121 Luxuriante
417 1049 506 1118 leves
521 1047 659 1143 impellis
673 1047 792 1143 pollice
807 1046 973 1118 chordas?

195 1160 289 1226 Pone
302 1157 474 1241 habitum,
490 1180 557 1249 quo
571 1152 679 1224 mollis
694 1178 785 1225 amas
800 1180 810 1242 ;
824 1168 859 1223 et
876 1153 1002 1224 frondis
1017 1166 1134 1223 amatae

196 1266 327 1356 Linque
342 1286 479 1350 nemus,
493 1259 650 1355 mollique
664 1276 783 1330 exutus
799 1276 951 1355 tempora
965 1259 1059 1331 lauro

196 1367 345 1463 Populea
359 1393 490 1440 mecum
505 1391 641 1437 carmen
657 1366 784 1437 luctare
800 1367 862 1435 sub
877 1367 1005 1436 umbra.

249 1478 324 1543 Jam
339 1498 440 1568 grave
454 1473 529 1568 plus
542 1474 664 1557 ctiam,
678 1497 778 1567 quam
793 1475 918 1542 ventris
931 1488 1083 1569 tempora
1096 1472 1236 1561 vellent,

197 1578 391 1651 Alcmenam
406 1579 564 1649 tendebat
577 1604 678 1648 onus:
694 1580 752 1649 sed
770 1580 858 1673 regin
872 1583 891 1648 J
894 1604 965 1649 uno*

194 1686 362 1781 Impedit,
377 1700 411 1755 et
424 1700 539 1780 partus
553 1685 731 1779 prohibet,
744 1686 900 1779 nascique
914 1687 1069 1771 vetabat,

157 1842 162 1850 ·
194 1796 249 1861 Ut
263 1806 370 1861 metus
385 1794 454 1887 ipse
468 1794 579 1861 Deum
592 1806 776 1861 monstret:
792 1816 853 1861 neo
868 1793 979 1862 vivida
994 1793 1064 1863 cali

195 1900 332 1968 Semina
347 1896 504 1967 mortales
518 1912 643 1967 norunt
656 1900 777 1967 sentire
793 1896 952 1982 latebras,

196 2004 272 2073 Nee
287 2019 426 2099 possunt
439 2004 581 2074 sufferre
595 2028 715 2073 moras.
731 2007 842 2073 Datur
855 2004 932 2073 inde
946 2027 1099 2073 novercae

196 2112 378 2195 Materies,
394 2110 616 2205 gravibusque
633 2110 718 2179 odiis
734 2124 913 2205 augmenta
927 2112 1111 2198 ministrat,

197 2216 303 2305 Quod
316 2218 405 2286 vinci
419 2218 557 2310 coepisse
570 2216 683 2310 pudet
699 2218 783 2286 Mox
797 2216 949 2310 improba
963 2216 1058 2285 binos

197 2324 241 2391 In
255 2337 314 2391 tun
327 2323 479 2391 membra
488 2323 603 2414 jubet,
618 2323 699 2392 dum
712 2324 880 2410 nasceris,
894 2324 942 2391 ire
956 2322 1126 2391 dracones.

243 2504 287 2550 1³.
302 2496 360 2550 Nec
367 2495 434 2549 illud
443 2509 519 2548 vacat
530 2510 593 2550 estu
604 2510 631 2550 ct
643 2515 711 2550 aeru-
754 2509 1100 2569 erat‚utpoasesauctorem
1108 2494 1196 2550 dicere
1204 2495 1266 2550 tecti

197 2575 351 2648 mna‚qnod
360 2577 534 2648 nascipotuit,
544 2577 711 2648 quumJnno
754 2574 884 2630 Ponderis
897 2595 953 2630 esse
967 2577 1063 2629 Jovem
1074 2602 1099 2630 ι.
1112 2608 1153 2619 —
1165 2575 1267 2628 Ferreus

197 2655 632 2728 artibussnisimpedire‚differre
640 2670 712 2710 certe
753 2659 826 2728 conj.
842 2657 933 2709 Heius.

196 2748 308 2808 putum
323 2737 396 2789 illins
408 2735 534 2788 studeret.
548 2737 647 2790 Narrat
655 2737 712 2808 ipsa
797 2756 843 2789 aa.
866 2737 984 2791 Alcmena
1006 2756 1027 2789 s.
1055 2735 1180 2789 Alersenoe
1205 2747 1267 2788 ante

197 2817 328 2869 Alcmena
338 2813 413 2886 apud
422 2813 575 2869 Ovidlllet.
584 2816 634 2882 lx,
645 2818 711 2882 2853
755 2815 861 2870 Glaver.

198 2895 249 2948 nbi
260 2895 405 2959 interulis,
418 2895 540 2966 -septem
552 2913 610 2966 ego,
623 2901 709 2967 inquit,
797 2898 841 2949 ad.
861 2893 1095 2966 operaepretium
1122 2907 1161 2946 est
1186 2893 1265 2947 etiam

197 2973 711 3046 pernoctes,septemcruciatsdiebus·.
753 2973 827 3028 bunc
845 2975 937 3028 locum
952 2975 1027 3028 velut
1044 2973 1189 3028 exhilarare
1201 2973 1267 3026 Ovi·

198 3055 254 3108 llic
266 3055 349 3106 tardus
361 3066 429 3105 ortus
437 3068 484 3108 est.
755 3053 836 3107 diano
847 3055 964 3108 carmine
976 3074 1002 3107 v.
1022 3054 1086 3123 ²95·
1100 3055 1200 3106 Lucina
1218 3071 1266 3104 vo·

244 3137 288 3187 16.
296 3133 416 3204 Cynam
426 3133 539 3186 editum.
549 3135 712 3186 -Tenerum
755 3145 814 3186 cata
835 3134 960 3205 precibus
975 3134 1108 3187 Alcmenae
1120 3133 1194 3202 venit
1212 3133 1269 3203 qni·

199 3215 320 3266 multans
332 3212 518 3266 adverbialiter
532 3213 612 3283 ponit
626 3231 713 3284 graeco
754 3212 833 3278 dem,
849 3213 895 3265 sed
913 3225 1095 3284 praecorrupta
1112 3231 1126 3264 a
1146 3213 1268 3276 lunone,

198 3311 291 3358 mm,
305 3306 336 3346 ut
349 3293 492 3345 somnam
505 3293 604 3344 rimant.
756 3313 768 3336 s
784 3291 903 3346 subsedit
922 3294 950 3346 in
971 3311 1015 3346 ara
1031 3295 1101 3346 Ante
1126 3292 1205 3344 fores.
1218 3331 1225 3344 .
1240 3329 1266 3344 ..

245 3391 290 3441 ¹9·
299 3373 417 3444 Matique,
432 3385 542 3443 pmpter
553 3371 712 3443 procedent.
755 3371 903 3444 dextroque
917 3391 932 3426 a
949 3373 1053 3446 poplite
1068 3374 1163 3426 lterum
1178 3373 1268 3425 Pressa

200 3451 302 3515 moises,
315 3454 385 3522 conj.
400 3452 492 3505 Heius.
756 3471 844 3523 genu,
859 3451 950 3524 digitis
962 3455 1035 3505 inter
1048 3471 1075 3506 se
1089 3452 1196 3524 pectine
1206 3453 1269 3523 jun·
1381 3494 1382 3505 ,

245 3550 291 3584 ao.
301 3533 405 3584 [arctare
416 3551 477 3584 cum
488 3531 618 3584 relatione
626 3530 660 3584 sd
671 3549 714 3583 ar·
757 3533 808 3586 ctis
821 3533 952 3586 Sustinuit
961 3535 1037 3586 nixus
1046 3558 1070 3584 ι,
1082 3533 1137 3584 Cur
1147 3533 1164 3583 J
1166 3551 1221 3583 uno
1232 3531 1270 3582 ita

200 3624 376 3682 gementum,
389 3611 543 3664 Herculem.
558 3611 617 3663 Hoc
629 3612 714 3664 verbo
756 3611 931 3666 retardaverit
944 3625 1053 3683 partum
1069 3611 1210 3674 Herculis,
1227 3609 1268 3662 di-

201 3691 284 3744 etism
296 3691 398 3743 Phoebo
408 3707 459 3743 auo
470 3691 588 3762 injungit
596 3691 715 3743 laborem
757 3692 828 3744 cimr
842 3689 876 3744 ad
888 3709 913 3743 v.
935 3694 981 3754 84.
995 3685 1130 3744 Ju'nonem
1147 3703 1174 3743 et
1188 3691 1269 3743 Luci·

202 3781 232 3823 et
244 3787 369 3840 maguum
382 3784 528 3824 conatum:
542 3789 575 3822 an
588 3769 715 3823 feliciter?
758 3789 829 3830 nem,
837 3771 968 3824 Εἰλείθυιαν
974 3771 1018 3823 hic
1026 3769 1270 3840 distinguuntNaso

199 3848 291 3903 Etiam
311 3849 436 3903 Herculis
456 3852 542 3920 major
561 3852 618 3904 laus
641 3851 714 3914 tuis,
758 3863 786 3904 et
798 3849 978 3921 Apollodorus
991 3851 1035 3912 11,
1047 3868 1089 3914 av,
1103 3849 1129 3902 5.

200 3949 288 4000 quum
300 3930 456 3984 facilevicit.
802 3936 847 3992 πά,
858 3930 938 3981 Metus
946 3929 1048 3982 lunonis
1054 3940 1081 3982 et
1088 3927 1207 3982 studium
1219 3931 1271 3982 ima

244 4009 412 4063 invidetur
418 4008 649 4064 secutusNasonis
660 4008 678 4060 l.
691 4025 714 4062 c.
759 4006 887 4082 pediendi
895 4007 1011 4074 indicat,
1021 4007 1049 4061 id
1060 4008 1133 4081 quod
1141 4010 1273 4081 parturiat

203 4088 275 4159 287,
291 4088 457 4143 «Tendebat
475 4091 589 4160 gravitas
612 4101 718 4141 uterum
763 4089 888 4144 Alcmena
905 4107 960 4143 esse
975 4091 1074 4142 Deum.

201 4168 293 4235 mibi3
309 4167 438 4240 qnodque
465 4170 585 4224 samm
601 4169 718 4221 Tantum
806 4187 851 4238 27.
866 4170 990 4223 Alimenta
1005 4171 1075 4242 conj.
1089 4169 1179 4224 Heius.
