3034 4900
463 434 532 501 DE
559 434 731 501 BELLO
759 428 968 502 GETICO.
1196 440 1238 509 Si

175 568 319 659 Semper
336 564 371 631 in
387 588 446 632 ore
466 562 578 658 geris?
595 565 742 633 referunt
764 568 790 633 si
807 590 885 633 vera
901 582 1073 660 parentes,

178 675 278 741 Hanc
297 668 414 740 urbem
430 671 547 739 insano
566 670 676 739 nullus
693 674 750 764 qui
767 674 876 740 Marte
894 674 1028 765 petivit,

179 780 330 847 Laetatus
348 775 490 847 violasse
510 776 617 845 redit:
636 802 699 845 nec
726 779 871 846 Numina
893 778 1003 847 sedern

179 884 377 951 Destituant
388 910 397 967 ;
408 883 533 975 jactata
545 882 662 977 procul
680 882 835 952 dicuntur
854 887 887 951 in
905 885 1034 955 hostem

180 987 355 1075 Fulmina,
374 988 543 1082 divinique
563 988 678 1057 volant
694 1015 756 1082 pro
776 990 938 1059 moenibus
956 993 1072 1086 ignes3
1210 1025 1247 1062 ειη

181 1097 250 1164 Seu
268 1094 405 1179 caelum,
422 1118 480 1163 seu
498 1096 606 1163 Roma
628 1110 730 1163 tonat
754 1097 787 1163 Si
809 1097 927 1165 temnis
946 1095 1144 1192 Olympum,
1193 1179 1196 1185 1

185 1204 215 1268 Α
237 1224 360 1293 magno
378 1198 560 1269 Stilichone
578 1225 659 1269 cave
672 1254 681 1287 ,
696 1203 752 1295 qui
770 1226 900 1297 semper
917 1203 1046 1296 iniquos

184 1309 335 1375 Fortuna
356 1304 536 1376 famulante
554 1311 696 1402 premit:
718 1309 780 1377 scis
798 1310 889 1402 ipse,
908 1312 1033 1402 perosis

185 1412 337 1481 Arcadiae
351 1436 452 1507 quam
472 1413 575 1482 densa
592 1416 680 1508 rogis
701 1412 918 1483 cumulaverit
935 1440 1008 1485 ossa
1027 1468 1036 1503 ,

188 1520 356 1612 Sanguine
376 1543 475 1613 quam
491 1518 584 1613 largo
606 1522 725 1590 Graios
745 1518 930 1589 calefecerit
951 1538 1071 1591 amnes.
1214 1558 1250 1593 nr

188 1626 446 1720 Exstinctusque
459 1626 568 1711 iores,
585 1628 619 1694 ni
638 1640 670 1694 te
684 1625 745 1695 sub
765 1628 897 1694 nomine
914 1625 1023 1720 legum

194 1800 346 1871 -Depresso
361 1800 473 1871 incipiat
491 1802 544 1870 J'am
561 1814 618 1853 tum
634 1801 700 1852 milri
744 1802 805 1853 stris
812 1800 1010 1853 historicus-
1020 1802 1106 1872 Auget
1117 1802 1184 1855 forte
1194 1804 1252 1869 illa,

193 1890 283 1931 taurus
302 1892 391 1932 aratro
413 1881 557 1951 lngemere.
572 1906 583 1926 ι
604 1880 698 1951 Virgil.
745 1898 803 1951 que
815 1881 873 1933 Liv.
885 1880 993 1945 XXVI,
1008 1899 1038 1932 rr
1051 1882 1253 1944 ‚narranturde

194 1959 289 2030 (ἱροῖς.
302 1960 332 2023 1,
345 1961 391 2023 45.
745 1960 841 2031 praeliis
858 1958 1017 2013 Hannibalis
1036 1958 1070 2011 ad
1091 1960 1192 2013 Urbem
1212 1964 1253 2014 bis

233 2038 299 2108 507.
313 2039 355 2090 lta
366 2037 478 2109 intelligi
488 2038 572 2090 voluit
584 2038 629 2103 hic
642 2057 701 2091 ora·
746 2050 901 2109 tempestate
917 2036 1060 2108 impeditis.

198 2130 249 2181 tor,
275 2116 305 2169 id
329 2118 416 2189 ipsum
436 2118 561 2171 maenum
584 2137 658 2182 esse,
679 2118 701 2171 si
788 2120 853 2171 511.
871 2116 1012 2187 Magnifica
1022 2114 1105 2170 dictio
1119 2158 1126 2182 ,
1142 2119 1190 2171 Seu
1206 2142 1254 2171 cce·

200 2196 257 2268 quis
273 2198 385 2248 Romam
397 2198 484 2251 Marte
503 2210 588 2267 petam
602 2198 703 2250 bellurn
746 2196 972 2258 lumnaturaliter‚
985 2197 1255 2252 seullomoDeasnam

200 2277 295 2346 toipso
304 2276 557 2343 nomineinsanum,
568 2274 641 2348 quod
652 2278 704 2329 llo·
746 2276 840 2329 urbem
858 2288 884 2327 et
901 2276 1032 2346 populum
1048 2273 1202 2344 defensura,
1219 2292 1255 2331 toa

200 2374 268 2408 mam
279 2368 361 2427 petat.
747 2368 798 2407 nat.
812 2354 884 2407 Illud
903 2354 931 2407 Si
944 2358 1025 2405 temnis
1043 2354 1187 2427 Olympum,
1206 2359 1256 2411 im.

237 2437 300 2490 508.
320 2436 473 2506 Respicitne
488 2450 568 2508 poeta
584 2435 617 2490 ad
630 2437 703 2489 illam
746 2436 850 2507 pietatis
877 2434 1045 2505 exprobratio
1072 2432 1197 2503 videtur;
1225 2453 1256 2492 ut

197 2517 313 2570 Deorum
332 2517 535 2582 evocationem,
556 2519 702 2570 Romanam
746 2513 946 2587 perjurii,illud
957 2513 1030 2586 quo'd
1041 2513 1144 2568 dixerat
1154 2535 1179 2570 v.
1192 2525 1256 2588 496,

196 2597 385 2660 acrimoniam,
396 2615 448 2666 qna
458 2597 514 2660 usi,
529 2614 556 2649 v,
568 2615 594 2667 g.
606 2595 639 2649 ad
651 2597 705 2648 Ve-
745 2607 852 2647 serrator
862 2597 904 2647 icti
909 2595 1017 2660 faederis.

195 2677 246 2742 ios,
255 2694 333 2748 equa
346 2688 495 2728 evocarunt
507 2677 640 2728 Iunonem
653 2677 703 2728 lle-
789 2675 855 2728 513.
870 2675 981 2737 Perosis,
998 2672 1026 2727 id
1039 2686 1093 2738 est,
1107 2673 1206 2729 odiosis
1215 2679 1256 2730 in-

194 2756 300 2826 ginam,
313 2756 375 2808 Liv.
385 2755 422 2818 V,
441 2755 490 2807 ss?
498 2755 650 2808 Iudicemus
660 2755 704 2808 hic
747 2755 863 2825 visisque
873 2755 1010 2806 montibus
1021 2751 1138 2807 Arcadiae
1145 2756 1174 2808 in
1182 2755 1257 2810 Gre-

194 2834 705 2900 modolocosclasticos,Plin.XX'VIIl‚
748 2835 805 2895 oia,
822 2835 850 2886 in
871 2833 967 2904 quibus
984 2833 1059 2886 Getae
1073 2831 1152 2886 deleti
1167 2850 1256 2889 sunta

197 2935 224 2979 a,
236 2934 258 2968 s.
274 2914 439 2979 43Macrob.
454 2914 507 2967 Sat.
521 2915 579 2979 111,
593 2933 628 2982 9;
643 2927 705 2966 tum
748 2912 904 2966 Stilichone.
925 2913 1030 2964 Per-orus
1049 2924 1137 2964 autem
1154 2915 1198 2967 hic
1211 2935 1257 2970 su·

196 2995 395 3066 Disputationes
412 3011 441 3046 ea
462 2992 498 3046 de
519 3013 549 3047 m
570 2995 705 3064 Bergeria·
748 2993 831 3044 mitur
850 2992 968 3064 passive,
983 3005 1013 3042 ut
1029 2989 1100 3061 apud
1120 2993 1257 3047 Alcimum

197 3091 259 3125 nam
272 3087 299 3126 et
313 3072 495 3127 Cocceianum.
749 3071 878 3134 Avitum,
897 3089 1006 3140 perosam
1030 3071 1155 3140 Expavere
1176 3074 1256 3136 diem,

240 3153 306 3206 διο.
322 3153 416 3204 Volant
426 3172 474 3223 pro
489 3153 602 3204 moerrs'bru
616 3157 706 3222 ignes.-
749 3149 778 3204 id
790 3164 829 3204 est
840 3189 848 3215 ,
860 3148 989 3213 odiosam,
1002 3149 1121 3201 invisam.
1132 3153 1258 3206 ..Diffi-

194 3231 225 3285 id
246 3232 345 3284 metum
369 3231 470 3286 dicitur
493 3232 641 3285 Hannibale
665 3233 706 3284 in·
750 3231 800 3283 cile
817 3241 869 3295 est,
882 3228 964 3281 modo
975 3246 1031 3280 non
1045 3227 1125 3298 plane
1136 3229 1258 3302 impossi-

195 3325 323 3383 gruente3
342 3313 417 3365 bunc
432 3311 532 3383 pluvia
549 3323 577 3364 et
596 3311 708 3363 fulmina
750 3309 820 3370 bile,
835 3309 882 3361 has
902 3327 945 3361 res
956 3305 1096 3372 ordinare,
1111 3321 1137 3361 et
1150 3328 1258 3383 compo-

195 3392 356 3463 repulernnt
376 3393 461 3444 muris
476 3390 552 3444 urbis
564 3391 707 3444 imminen-
750 3389 891 3442 nereinter
898 3407 925 3441 se
935 3387 1164 3459 scriptores.Illud
1174 3404 1258 3446 tamen

195 3483 258 3525 tem.
269 3472 370 3524 Verius
389 3489 454 3523 sane
471 3467 616 3524 dixerimus
636 3469 709 3523 Chil-
751 3480 874 3540 apparet‚
891 3467 955 3520 hinc
976 3467 1066 3520 Rufini
1087 3468 1114 3519 in
1129 3469 1258 3534 Oriente,

199 3548 338 3604 debernm
355 3563 384 3603 et
396 3549 617 3603 'I'heodebertum
634 3568 708 3619 reges
751 3549 816 3601 hinc
839 3565 888 3619 per
909 3545 1083 3602 Occidentem
1107 3547 1262 3606 Stilichonis

199 3629 229 3680 in
251 3629 398 3683 flotarium
421 3630 598 3701 irrumpentes
618 3629 708 3681 omnia
752 3627 853 3682 artibus
868 3627 1044 3692 subornatos,
1059 3627 1195 3693 incitatos,
1211 3631 1261 3682 im.

202 3707 414 3762 ierroetflamma
422 3722 571 3763 vastaturos
578 3725 647 3774 esse,
657 3708 709 3761 nisi
750 3707 844 3760 missos
857 3707 1015 3778 emissosque
1026 3705 1168 3769 barbaros,
1179 3726 1262 3781 eaque
1353 3713 1355 3717 ’

201 3786 310 3852 eclam,
319 3790 489 3844 sanctissimo
501 3789 600 3858 reginae
614 3787 709 3842 Clotil·
750 3805 781 3839 re
793 3786 898 3857 imperii
911 3786 1024 3838 Romani
1040 3784 1179 3837 interitum
1190 3808 1262 3847 acce.

201 3863 245 3918 ἆυ
254 3869 370 3936 precibus
381 3884 409 3925 et
419 3867 549 3941 lacrymis
559 3869 709 3931 turbatum,
753 3867 876 3919 leratum.
891 3865 1018 3917 Conferat
1028 3862 1094 3914 mihi
1110 3863 1204 3937 aliquis
1212 3872 1262 3926 zo.

199 3945 318 3999 furente
339 3951 449 4009 [ramum
476 3949 579 4001 animos
601 3944 712 4000 horrida
756 3944 917 4008 simum,V,
938 3962 989 4010 29,
1007 3955 1109 4014 etque
1129 3944 1173 3999 bic
1191 3951 1263 4005 Con-

197 4023 325 4097 quidem,
343 4029 384 4084 sed
405 4027 538 4089 salutari,
559 4039 712 4098 tempestate
726 4021 737 4051 ·⁴
755 4020 998 4093 stantiuopolitanis
1018 4033 1158 4078 vertuntur
1183 4030 1264 4096 vitio,
1328 4035 1329 4038 ’

178 4117 184 4128 ·
194 4109 477 4178 compescuissetvid.
487 4108 647 4173 Menereus,
656 4107 713 4158 utu·
756 4123 801 4167 ea,
812 4102 839 4155 h.
852 4120 876 4156 e.
883 4099 980 4155 horum
989 4102 1121 4155 simillima
1131 4107 1163 4158 ab
1173 4125 1204 4158 eo
1214 4109 1264 4163 im.

248 4209 297 4276 II.
1083 4201 1106 4270 6
